,time,price,volume
0,2021-06-15 15:41:32,130060.0,1
1,2021-06-15 15:41:32,130060.0,1
2,2021-06-15 15:41:33,130065.0,10
3,2021-06-15 15:41:33,130065.0,1
4,2021-06-15 15:41:34,130065.0,1
5,2021-06-15 15:41:34,130065.0,4
6,2021-06-15 15:41:35,130070.0,1
7,2021-06-15 15:41:35,130065.0,8
8,2021-06-15 15:41:36,130065.0,5
9,2021-06-15 15:41:36,130065.0,1
10,2021-06-15 15:41:37,130075.0,50
11,2021-06-15 15:41:37,130075.0,1
12,2021-06-15 15:41:38,130075.0,1
13,2021-06-15 15:41:38,130075.0,2
14,2021-06-15 15:41:39,130080.0,6
15,2021-06-15 15:41:40,130080.0,5
16,2021-06-15 15:41:40,130080.0,38
17,2021-06-15 15:41:41,130085.0,5
18,2021-06-15 15:41:41,130085.0,2
19,2021-06-15 15:41:42,130085.0,11
20,2021-06-15 15:41:42,130085.0,4
21,2021-06-15 15:41:43,130085.0,4
22,2021-06-15 15:41:43,130085.0,1
23,2021-06-15 15:41:44,130085.0,1
24,2021-06-15 15:41:44,130080.0,3
25,2021-06-15 15:41:45,130085.0,17
26,2021-06-15 15:41:45,130080.0,2
27,2021-06-15 15:41:46,130085.0,5
28,2021-06-15 15:41:46,130085.0,2
29,2021-06-15 15:41:47,130085.0,1
30,2021-06-15 15:41:47,130085.0,1
31,2021-06-15 15:41:48,130075.0,10
32,2021-06-15 15:41:48,130075.0,20
33,2021-06-15 15:41:49,130075.0,2
34,2021-06-15 15:41:50,130075.0,2
35,2021-06-15 15:41:50,130070.0,10
36,2021-06-15 15:41:50,130070.0,1
37,2021-06-15 15:41:51,130070.0,1
38,2021-06-15 15:41:52,130070.0,5
39,2021-06-15 15:41:52,130075.0,1
40,2021-06-15 15:41:53,130075.0,33
41,2021-06-15 15:41:53,130080.0,2
42,2021-06-15 15:41:54,130075.0,2
43,2021-06-15 15:41:54,130075.0,3
44,2021-06-15 15:41:55,130075.0,31
45,2021-06-15 15:41:55,130075.0,5
46,2021-06-15 15:41:56,130075.0,1
47,2021-06-15 15:41:56,130075.0,1
48,2021-06-15 15:41:57,130075.0,1
49,2021-06-15 15:41:57,130080.0,11
50,2021-06-15 15:41:58,130075.0,2
51,2021-06-15 15:41:59,130075.0,1
52,2021-06-15 15:41:59,130065.0,20
53,2021-06-15 15:42:00,130070.0,2
54,2021-06-15 15:42:00,130065.0,5
55,2021-06-15 15:42:01,130065.0,15
56,2021-06-15 15:42:01,130060.0,2
57,2021-06-15 15:42:02,130060.0,3
58,2021-06-15 15:42:02,130065.0,3
59,2021-06-15 15:42:03,130060.0,1
60,2021-06-15 15:42:03,130060.0,5
61,2021-06-15 15:42:04,130060.0,5
62,2021-06-15 15:42:04,130055.0,30
63,2021-06-15 15:42:05,130055.0,21
64,2021-06-15 15:42:05,130055.0,1
65,2021-06-15 15:42:06,130055.0,4
66,2021-06-15 15:42:06,130055.0,6
67,2021-06-15 15:42:07,130055.0,1
68,2021-06-15 15:42:07,130055.0,4
69,2021-06-15 15:42:08,130060.0,1
70,2021-06-15 15:42:08,130055.0,1
71,2021-06-15 15:42:09,130055.0,5
72,2021-06-15 15:42:09,130055.0,2
73,2021-06-15 15:42:10,130055.0,5
74,2021-06-15 15:42:11,130055.0,2
75,2021-06-15 15:42:11,130055.0,7
76,2021-06-15 15:42:12,130060.0,1
77,2021-06-15 15:42:12,130060.0,4
78,2021-06-15 15:42:12,130065.0,9
79,2021-06-15 15:42:13,130065.0,10
80,2021-06-15 15:42:14,130065.0,13
81,2021-06-15 15:42:14,130070.0,7
82,2021-06-15 15:42:15,130070.0,20
83,2021-06-15 15:42:15,130070.0,1
84,2021-06-15 15:42:15,130030.0,1
85,2021-06-15 15:42:16,130030.0,2
86,2021-06-15 15:42:17,130030.0,5
87,2021-06-15 15:42:17,130035.0,3
88,2021-06-15 15:42:18,130035.0,10
89,2021-06-15 15:42:18,130030.0,1
90,2021-06-15 15:42:19,130035.0,3
91,2021-06-15 15:42:19,130040.0,1
92,2021-06-15 15:42:20,130040.0,50
93,2021-06-15 15:42:20,130040.0,6
94,2021-06-15 15:42:21,130040.0,1
95,2021-06-15 15:42:21,130035.0,1
96,2021-06-15 15:42:22,130040.0,1
97,2021-06-15 15:42:23,130040.0,2
98,2021-06-15 15:42:23,130040.0,1
99,2021-06-15 15:42:24,130040.0,5
100,2021-06-15 15:42:24,130040.0,130
101,2021-06-15 15:42:25,130040.0,1
102,2021-06-15 15:42:25,130045.0,12
103,2021-06-15 15:42:26,130045.0,1
104,2021-06-15 15:42:26,130045.0,1
105,2021-06-15 15:42:27,130040.0,5
106,2021-06-15 15:42:27,130035.0,1
107,2021-06-15 15:42:28,130035.0,22
108,2021-06-15 15:42:28,130040.0,2
109,2021-06-15 15:42:29,130040.0,1
110,2021-06-15 15:42:29,130035.0,22
111,2021-06-15 15:42:30,130045.0,4
112,2021-06-15 15:42:30,130040.0,10
113,2021-06-15 15:42:31,130045.0,1
114,2021-06-15 15:42:31,130045.0,1
115,2021-06-15 15:42:32,130050.0,5
116,2021-06-15 15:42:32,130050.0,10
117,2021-06-15 15:42:33,130060.0,4
118,2021-06-15 15:42:33,130060.0,4
119,2021-06-15 15:42:34,130060.0,5
120,2021-06-15 15:42:35,130060.0,30
121,2021-06-15 15:42:35,130065.0,1
122,2021-06-15 15:42:36,130065.0,5
123,2021-06-15 15:42:36,130065.0,107
124,2021-06-15 15:42:37,130060.0,30
125,2021-06-15 15:42:37,130060.0,1
126,2021-06-15 15:42:38,130055.0,2
127,2021-06-15 15:42:38,130055.0,1
128,2021-06-15 15:42:39,130060.0,3
129,2021-06-15 15:42:39,130055.0,12
130,2021-06-15 15:42:40,130055.0,5
131,2021-06-15 15:42:40,130055.0,1
132,2021-06-15 15:42:41,130055.0,1
133,2021-06-15 15:42:41,130060.0,5
134,2021-06-15 15:42:42,130050.0,5
135,2021-06-15 15:42:42,130055.0,63
136,2021-06-15 15:42:43,130055.0,2
137,2021-06-15 15:42:43,130055.0,1
138,2021-06-15 15:42:44,130055.0,1
139,2021-06-15 15:42:44,130050.0,3
140,2021-06-15 15:42:45,130060.0,10
141,2021-06-15 15:42:45,130060.0,1
142,2021-06-15 15:42:46,130055.0,33
143,2021-06-15 15:42:46,130050.0,30
144,2021-06-15 15:42:47,130055.0,1
145,2021-06-15 15:42:48,130050.0,10
146,2021-06-15 15:42:48,130055.0,1
147,2021-06-15 15:42:49,130050.0,1
148,2021-06-15 15:42:49,130045.0,1
149,2021-06-15 15:42:50,130050.0,2
150,2021-06-15 15:42:50,130045.0,1
151,2021-06-15 15:42:51,130040.0,3
152,2021-06-15 15:42:51,130045.0,89
153,2021-06-15 15:42:52,130040.0,5
154,2021-06-15 15:42:52,130045.0,1
155,2021-06-15 15:42:53,130045.0,33
156,2021-06-15 15:42:53,130045.0,5
157,2021-06-15 15:42:54,130045.0,3
158,2021-06-15 15:42:54,130050.0,2
159,2021-06-15 15:42:55,130050.0,2
160,2021-06-15 15:42:55,130055.0,1
161,2021-06-15 15:42:56,130060.0,10
162,2021-06-15 15:42:56,130055.0,5
163,2021-06-15 15:42:57,130055.0,2
164,2021-06-15 15:42:58,130055.0,1
165,2021-06-15 15:42:58,130050.0,20
166,2021-06-15 15:42:59,130055.0,1
167,2021-06-15 15:42:59,130055.0,15
168,2021-06-15 15:43:00,130055.0,3
169,2021-06-15 15:43:00,130055.0,1
170,2021-06-15 15:43:01,130050.0,1
171,2021-06-15 15:43:01,130050.0,26
172,2021-06-15 15:43:02,130045.0,7
173,2021-06-15 15:43:02,130035.0,1
174,2021-06-15 15:43:03,130030.0,2
175,2021-06-15 15:43:03,130030.0,1
176,2021-06-15 15:43:04,130030.0,1
177,2021-06-15 15:43:04,130030.0,1
178,2021-06-15 15:43:05,130035.0,1
179,2021-06-15 15:43:05,130035.0,1
180,2021-06-15 15:43:06,130035.0,1
181,2021-06-15 15:43:06,130035.0,2
182,2021-06-15 15:43:07,130040.0,1
183,2021-06-15 15:43:07,130040.0,1
184,2021-06-15 15:43:08,130035.0,1
185,2021-06-15 15:43:08,130040.0,3
186,2021-06-15 15:43:09,130040.0,5
187,2021-06-15 15:43:10,130040.0,1
188,2021-06-15 15:43:10,130035.0,5
189,2021-06-15 15:43:11,130040.0,1
190,2021-06-15 15:43:11,130040.0,4
191,2021-06-15 15:43:12,130040.0,2
192,2021-06-15 15:43:12,130040.0,2
193,2021-06-15 15:43:13,130040.0,1
194,2021-06-15 15:43:13,130040.0,7
195,2021-06-15 15:43:14,130030.0,10
196,2021-06-15 15:43:14,130035.0,1
197,2021-06-15 15:43:15,130035.0,1
198,2021-06-15 15:43:15,130030.0,2
199,2021-06-15 15:43:16,130035.0,2
200,2021-06-15 15:43:16,130030.0,10
201,2021-06-15 15:43:17,130030.0,1
202,2021-06-15 15:43:17,130030.0,12
203,2021-06-15 15:43:18,130035.0,1
204,2021-06-15 15:43:18,130035.0,1
205,2021-06-15 15:43:19,130030.0,4
206,2021-06-15 15:43:19,130030.0,1
207,2021-06-15 15:43:20,130030.0,12
208,2021-06-15 15:43:20,130035.0,1
209,2021-06-15 15:43:21,130035.0,3
210,2021-06-15 15:43:22,130025.0,1
211,2021-06-15 15:43:22,130030.0,1
212,2021-06-15 15:43:23,130025.0,3
213,2021-06-15 15:43:23,130030.0,1
214,2021-06-15 15:43:24,130025.0,15
215,2021-06-15 15:43:24,130025.0,5
216,2021-06-15 15:43:25,130030.0,2
217,2021-06-15 15:43:25,130025.0,20
218,2021-06-15 15:43:26,130010.0,107
219,2021-06-15 15:43:26,130020.0,129
220,2021-06-15 15:43:27,130020.0,4
221,2021-06-15 15:43:27,130015.0,5
222,2021-06-15 15:43:28,130015.0,4
223,2021-06-15 15:43:28,130010.0,2
224,2021-06-15 15:43:29,130010.0,20
225,2021-06-15 15:43:29,130015.0,1
226,2021-06-15 15:43:30,130015.0,5
227,2021-06-15 15:43:30,130020.0,5
228,2021-06-15 15:43:31,130015.0,20
229,2021-06-15 15:43:31,130020.0,1
230,2021-06-15 15:43:32,130015.0,10
231,2021-06-15 15:43:33,130015.0,1
232,2021-06-15 15:43:33,130010.0,3
233,2021-06-15 15:43:34,130010.0,1
234,2021-06-15 15:43:34,130015.0,1
235,2021-06-15 15:43:35,130010.0,1
236,2021-06-15 15:43:35,130025.0,5
237,2021-06-15 15:43:36,130020.0,1
238,2021-06-15 15:43:36,130025.0,2
239,2021-06-15 15:43:37,130025.0,2
240,2021-06-15 15:43:37,130020.0,12
241,2021-06-15 15:43:38,130020.0,1
242,2021-06-15 15:43:38,130025.0,1
243,2021-06-15 15:43:39,130025.0,14
244,2021-06-15 15:43:39,130020.0,3
245,2021-06-15 15:43:40,130020.0,6
246,2021-06-15 15:43:40,130015.0,36
247,2021-06-15 15:43:41,130015.0,1
248,2021-06-15 15:43:41,130010.0,1
249,2021-06-15 15:43:42,130010.0,1
250,2021-06-15 15:43:42,130020.0,5
251,2021-06-15 15:43:43,130010.0,1
252,2021-06-15 15:43:43,130015.0,1
253,2021-06-15 15:43:44,130010.0,1
254,2021-06-15 15:43:44,130015.0,4
255,2021-06-15 15:43:45,130010.0,1
256,2021-06-15 15:43:45,130000.0,1
257,2021-06-15 15:43:46,130005.0,4
258,2021-06-15 15:43:47,130005.0,5
259,2021-06-15 15:43:47,130005.0,1
260,2021-06-15 15:43:48,130000.0,40
261,2021-06-15 15:43:48,130000.0,1
262,2021-06-15 15:43:49,130000.0,3
263,2021-06-15 15:43:49,130000.0,1
264,2021-06-15 15:43:50,130000.0,10
265,2021-06-15 15:43:50,130000.0,6
266,2021-06-15 15:43:51,129995.0,4
267,2021-06-15 15:43:51,129995.0,4
268,2021-06-15 15:43:52,130000.0,1
269,2021-06-15 15:43:52,129995.0,5
270,2021-06-15 15:43:53,130005.0,1
271,2021-06-15 15:43:53,130000.0,1
272,2021-06-15 15:43:54,130005.0,2
273,2021-06-15 15:43:54,130005.0,1
274,2021-06-15 15:43:55,130000.0,36
275,2021-06-15 15:43:55,129995.0,1
276,2021-06-15 15:43:56,129995.0,6
277,2021-06-15 15:43:57,130000.0,1
278,2021-06-15 15:43:57,129995.0,1
279,2021-06-15 15:43:58,129995.0,1
280,2021-06-15 15:43:58,129995.0,1
281,2021-06-15 15:43:59,130000.0,2
282,2021-06-15 15:43:59,129995.0,5
283,2021-06-15 15:44:00,129995.0,55
284,2021-06-15 15:44:00,129995.0,1
285,2021-06-15 15:44:01,129990.0,1
286,2021-06-15 15:44:01,129995.0,1
287,2021-06-15 15:44:02,129990.0,5
288,2021-06-15 15:44:02,129990.0,4
289,2021-06-15 15:44:03,129990.0,8
290,2021-06-15 15:44:03,129985.0,46
291,2021-06-15 15:44:04,129990.0,1
292,2021-06-15 15:44:04,129990.0,3
293,2021-06-15 15:44:05,129995.0,5
294,2021-06-15 15:44:05,130000.0,2
295,2021-06-15 15:44:06,130000.0,5
296,2021-06-15 15:44:06,130000.0,1
297,2021-06-15 15:44:07,130000.0,50
298,2021-06-15 15:44:07,129990.0,35
299,2021-06-15 15:44:08,129990.0,21
300,2021-06-15 15:44:08,129990.0,1
301,2021-06-15 15:44:09,129990.0,2
302,2021-06-15 15:44:10,130005.0,1
303,2021-06-15 15:44:10,130000.0,2
304,2021-06-15 15:44:11,130010.0,1
305,2021-06-15 15:44:11,130005.0,5
306,2021-06-15 15:44:12,130005.0,50
307,2021-06-15 15:44:12,130000.0,1
308,2021-06-15 15:44:13,130005.0,2
309,2021-06-15 15:44:13,130005.0,2
310,2021-06-15 15:44:14,130005.0,1
311,2021-06-15 15:44:14,130005.0,44
312,2021-06-15 15:44:15,130005.0,2
313,2021-06-15 15:44:15,130015.0,1
314,2021-06-15 15:44:16,130020.0,1
315,2021-06-15 15:44:16,130020.0,1
316,2021-06-15 15:44:17,130020.0,1
317,2021-06-15 15:44:17,130020.0,90
318,2021-06-15 15:44:18,130020.0,4
319,2021-06-15 15:44:18,130020.0,1
320,2021-06-15 15:44:19,130020.0,2
321,2021-06-15 15:44:19,130020.0,2
322,2021-06-15 15:44:20,130020.0,20
323,2021-06-15 15:44:21,130020.0,3
324,2021-06-15 15:44:21,130015.0,1
325,2021-06-15 15:44:21,130015.0,1
326,2021-06-15 15:44:22,130015.0,1
327,2021-06-15 15:44:23,130020.0,6
328,2021-06-15 15:44:23,130015.0,20
329,2021-06-15 15:44:24,130020.0,1
330,2021-06-15 15:44:24,130020.0,2
331,2021-06-15 15:44:25,130015.0,1
332,2021-06-15 15:44:25,130020.0,5
333,2021-06-15 15:44:26,130020.0,1
334,2021-06-15 15:44:26,130015.0,25
335,2021-06-15 15:44:27,130015.0,1
336,2021-06-15 15:44:27,130010.0,10
337,2021-06-15 15:44:28,130010.0,1
338,2021-06-15 15:44:28,130010.0,21
339,2021-06-15 15:44:29,130010.0,1
340,2021-06-15 15:44:29,130015.0,3
341,2021-06-15 15:44:30,130015.0,1
342,2021-06-15 15:44:30,130015.0,2
343,2021-06-15 15:44:31,130010.0,5
344,2021-06-15 15:44:31,130005.0,1
345,2021-06-15 15:44:32,129995.0,106
346,2021-06-15 15:44:33,129995.0,3
347,2021-06-15 15:44:33,129995.0,2
348,2021-06-15 15:44:34,130000.0,1
349,2021-06-15 15:44:34,130000.0,2
350,2021-06-15 15:44:35,130000.0,1
351,2021-06-15 15:44:35,129995.0,2
352,2021-06-15 15:44:36,129985.0,50
353,2021-06-15 15:44:36,129990.0,10
354,2021-06-15 15:44:37,129990.0,3
355,2021-06-15 15:44:37,129985.0,20
356,2021-06-15 15:44:38,129985.0,9
357,2021-06-15 15:44:38,129985.0,1
358,2021-06-15 15:44:39,129990.0,5
359,2021-06-15 15:44:39,129980.0,5
360,2021-06-15 15:44:40,129975.0,10
361,2021-06-15 15:44:40,129985.0,1
362,2021-06-15 15:44:41,129985.0,63
363,2021-06-15 15:44:41,129985.0,1
364,2021-06-15 15:44:42,129975.0,5
365,2021-06-15 15:44:42,129980.0,2
366,2021-06-15 15:44:43,129985.0,10
367,2021-06-15 15:44:43,129990.0,1
368,2021-06-15 15:44:44,129990.0,3
369,2021-06-15 15:44:45,129995.0,2
370,2021-06-15 15:44:45,129990.0,2
371,2021-06-15 15:44:46,129995.0,1
372,2021-06-15 15:44:46,129995.0,3
373,2021-06-15 15:44:47,129985.0,1
374,2021-06-15 15:44:47,129990.0,2
375,2021-06-15 15:44:48,129990.0,1
376,2021-06-15 15:44:48,129990.0,10
377,2021-06-15 15:44:49,129985.0,5
378,2021-06-15 15:44:49,129985.0,60
379,2021-06-15 15:44:50,129985.0,1
380,2021-06-15 15:44:50,129985.0,1
381,2021-06-15 15:44:51,129990.0,25
382,2021-06-15 15:44:51,129990.0,12
383,2021-06-15 15:44:52,129990.0,1
384,2021-06-15 15:44:52,129980.0,2
385,2021-06-15 15:44:53,129975.0,2
386,2021-06-15 15:44:53,129975.0,3
387,2021-06-15 15:44:54,129975.0,3
388,2021-06-15 15:44:54,129980.0,1
389,2021-06-15 15:44:55,129980.0,1
390,2021-06-15 15:44:56,129975.0,5
391,2021-06-15 15:44:56,129975.0,20
392,2021-06-15 15:44:57,129980.0,2
393,2021-06-15 15:44:57,129980.0,2
394,2021-06-15 15:44:58,129975.0,1
395,2021-06-15 15:44:58,129985.0,10
396,2021-06-15 15:44:59,129985.0,1
397,2021-06-15 15:44:59,129980.0,1
398,2021-06-15 15:45:00,129960.0,5
399,2021-06-15 15:45:00,129960.0,1
400,2021-06-15 15:45:01,129960.0,64
401,2021-06-15 15:45:01,129960.0,300
402,2021-06-15 15:45:02,129970.0,1
403,2021-06-15 15:45:02,129965.0,1
404,2021-06-15 15:45:03,129965.0,10
405,2021-06-15 15:45:03,129965.0,5
406,2021-06-15 15:45:04,129970.0,10
407,2021-06-15 15:45:04,129970.0,9
408,2021-06-15 15:45:05,129980.0,5
409,2021-06-15 15:45:05,129975.0,1
410,2021-06-15 15:45:06,129980.0,1
411,2021-06-15 15:45:06,129980.0,8
412,2021-06-15 15:45:07,129975.0,1
413,2021-06-15 15:45:08,129980.0,1
414,2021-06-15 15:45:08,129975.0,1
415,2021-06-15 15:45:09,129975.0,1
416,2021-06-15 15:45:09,129970.0,1
417,2021-06-15 15:45:10,129970.0,5
418,2021-06-15 15:45:10,129960.0,3
419,2021-06-15 15:45:11,129955.0,2
420,2021-06-15 15:45:11,129965.0,5
421,2021-06-15 15:45:12,129970.0,2
422,2021-06-15 15:45:12,129960.0,3
423,2021-06-15 15:45:13,129960.0,1
424,2021-06-15 15:45:13,129960.0,20
425,2021-06-15 15:45:14,129960.0,1
426,2021-06-15 15:45:14,129965.0,5
427,2021-06-15 15:45:15,129970.0,3
428,2021-06-15 15:45:15,129970.0,1
429,2021-06-15 15:45:16,129965.0,1
430,2021-06-15 15:45:16,129965.0,1
431,2021-06-15 15:45:17,129965.0,1
432,2021-06-15 15:45:18,129965.0,5
433,2021-06-15 15:45:18,129965.0,1
434,2021-06-15 15:45:19,129955.0,5
435,2021-06-15 15:45:19,129955.0,1
436,2021-06-15 15:45:20,129955.0,1
437,2021-06-15 15:45:20,129960.0,1
438,2021-06-15 15:45:21,129965.0,5
439,2021-06-15 15:45:21,129965.0,1
440,2021-06-15 15:45:22,129970.0,1
441,2021-06-15 15:45:22,129965.0,1
442,2021-06-15 15:45:23,129970.0,1
443,2021-06-15 15:45:23,129970.0,1
444,2021-06-15 15:45:24,129970.0,1
445,2021-06-15 15:45:24,129980.0,1
446,2021-06-15 15:45:25,129980.0,5
447,2021-06-15 15:45:25,129980.0,1
448,2021-06-15 15:45:26,129985.0,107
449,2021-06-15 15:45:26,129980.0,15
450,2021-06-15 15:45:27,129975.0,1
451,2021-06-15 15:45:27,129970.0,25
452,2021-06-15 15:45:28,129970.0,10
453,2021-06-15 15:45:28,129965.0,1
454,2021-06-15 15:45:29,129955.0,1
455,2021-06-15 15:45:30,129955.0,6
456,2021-06-15 15:45:30,129955.0,54
457,2021-06-15 15:45:31,129965.0,10
458,2021-06-15 15:45:31,129950.0,1
459,2021-06-15 15:45:32,129955.0,1
460,2021-06-15 15:45:32,129955.0,1
461,2021-06-15 15:45:33,129960.0,1
462,2021-06-15 15:45:33,129955.0,1
463,2021-06-15 15:45:34,129955.0,5
464,2021-06-15 15:45:34,129955.0,11
465,2021-06-15 15:45:35,129955.0,1
466,2021-06-15 15:45:35,129955.0,2
467,2021-06-15 15:45:36,129950.0,20
468,2021-06-15 15:45:36,129950.0,1
469,2021-06-15 15:45:37,129955.0,10
470,2021-06-15 15:45:37,129960.0,13
471,2021-06-15 15:45:38,129960.0,1
472,2021-06-15 15:45:38,129955.0,10
473,2021-06-15 15:45:39,129955.0,25
474,2021-06-15 15:45:39,129960.0,1
475,2021-06-15 15:45:40,129955.0,1
476,2021-06-15 15:45:40,129960.0,1
477,2021-06-15 15:45:41,129960.0,6
478,2021-06-15 15:45:42,129965.0,11
479,2021-06-15 15:45:42,129975.0,44
480,2021-06-15 15:45:43,129970.0,3
481,2021-06-15 15:45:43,129975.0,6
482,2021-06-15 15:45:44,129975.0,2
483,2021-06-15 15:45:44,129975.0,1
484,2021-06-15 15:45:45,129970.0,1
485,2021-06-15 15:45:45,129965.0,1
486,2021-06-15 15:45:46,129965.0,4
487,2021-06-15 15:45:46,129955.0,1
488,2021-06-15 15:45:47,129955.0,5
489,2021-06-15 15:45:47,129960.0,2
490,2021-06-15 15:45:48,129965.0,1
491,2021-06-15 15:45:48,129955.0,18
492,2021-06-15 15:45:49,129965.0,1
493,2021-06-15 15:45:49,129965.0,1
494,2021-06-15 15:45:50,129965.0,1
495,2021-06-15 15:45:50,129975.0,3
496,2021-06-15 15:45:51,129970.0,1
497,2021-06-15 15:45:52,129975.0,13
498,2021-06-15 15:45:52,129970.0,15
499,2021-06-15 15:45:53,129975.0,1
500,2021-06-15 15:45:53,129980.0,5
501,2021-06-15 15:45:54,129980.0,1
502,2021-06-15 15:45:54,129980.0,5
503,2021-06-15 15:45:55,129980.0,27
504,2021-06-15 15:45:55,129980.0,10
505,2021-06-15 15:45:56,129975.0,8
506,2021-06-15 15:45:56,129975.0,3
507,2021-06-15 15:45:57,129970.0,2
508,2021-06-15 15:45:57,129970.0,5
509,2021-06-15 15:45:58,129965.0,25
510,2021-06-15 15:45:58,129965.0,1
511,2021-06-15 15:45:59,129960.0,10
512,2021-06-15 15:45:59,129965.0,1
513,2021-06-15 15:46:00,129970.0,2
514,2021-06-15 15:46:00,129960.0,11
515,2021-06-15 15:46:01,129960.0,1
516,2021-06-15 15:46:01,129960.0,1
517,2021-06-15 15:46:02,129955.0,2
518,2021-06-15 15:46:02,129960.0,1
519,2021-06-15 15:46:03,129955.0,1
520,2021-06-15 15:46:03,129960.0,1
521,2021-06-15 15:46:04,129970.0,3
522,2021-06-15 15:46:05,129970.0,1
523,2021-06-15 15:46:05,129975.0,13
524,2021-06-15 15:46:06,129970.0,3
525,2021-06-15 15:46:06,129975.0,27
526,2021-06-15 15:46:07,129980.0,25
527,2021-06-15 15:46:07,129975.0,70
528,2021-06-15 15:46:08,129980.0,5
529,2021-06-15 15:46:08,129970.0,1
530,2021-06-15 15:46:09,129970.0,2
531,2021-06-15 15:46:09,129970.0,1
532,2021-06-15 15:46:10,129980.0,5
533,2021-06-15 15:46:10,129980.0,22
534,2021-06-15 15:46:11,129980.0,2
535,2021-06-15 15:46:11,129975.0,1
536,2021-06-15 15:46:12,129975.0,1
537,2021-06-15 15:46:12,129975.0,20
538,2021-06-15 15:46:13,129975.0,1
539,2021-06-15 15:46:13,129975.0,2
540,2021-06-15 15:46:14,129970.0,3
541,2021-06-15 15:46:14,129975.0,1
542,2021-06-15 15:46:15,129970.0,8
543,2021-06-15 15:46:16,129975.0,50
544,2021-06-15 15:46:16,129970.0,2
545,2021-06-15 15:46:17,129975.0,1
546,2021-06-15 15:46:17,129975.0,10
547,2021-06-15 15:46:18,129970.0,10
548,2021-06-15 15:46:18,129980.0,5
549,2021-06-15 15:46:19,129980.0,1
550,2021-06-15 15:46:19,129980.0,18
551,2021-06-15 15:46:20,129975.0,1
552,2021-06-15 15:46:20,129980.0,34
553,2021-06-15 15:46:21,129980.0,13
554,2021-06-15 15:46:21,129980.0,1
555,2021-06-15 15:46:22,129980.0,1
556,2021-06-15 15:46:22,129975.0,1
557,2021-06-15 15:46:23,129970.0,1
558,2021-06-15 15:46:23,129970.0,1
559,2021-06-15 15:46:24,129980.0,1
560,2021-06-15 15:46:24,129975.0,1
561,2021-06-15 15:46:25,129975.0,1
562,2021-06-15 15:46:25,129980.0,1
563,2021-06-15 15:46:26,129980.0,23
564,2021-06-15 15:46:26,129975.0,2
565,2021-06-15 15:46:27,129975.0,20
566,2021-06-15 15:46:27,129975.0,2
567,2021-06-15 15:46:28,129980.0,52
568,2021-06-15 15:46:29,129975.0,40
569,2021-06-15 15:46:29,129975.0,1
570,2021-06-15 15:46:30,129980.0,3
571,2021-06-15 15:46:30,129980.0,2
572,2021-06-15 15:46:31,129980.0,1
573,2021-06-15 15:46:31,129980.0,1
574,2021-06-15 15:46:32,129985.0,50
575,2021-06-15 15:46:32,129985.0,1
576,2021-06-15 15:46:33,129985.0,8
577,2021-06-15 15:46:33,129985.0,3
578,2021-06-15 15:46:34,129990.0,2
579,2021-06-15 15:46:34,129990.0,97
580,2021-06-15 15:46:35,129990.0,4
581,2021-06-15 15:46:35,129990.0,192
582,2021-06-15 15:46:36,129985.0,4
583,2021-06-15 15:46:36,129990.0,10
584,2021-06-15 15:46:37,129990.0,9
585,2021-06-15 15:46:37,129995.0,5
586,2021-06-15 15:46:38,129990.0,1
587,2021-06-15 15:46:38,129990.0,1
588,2021-06-15 15:46:39,129990.0,1
589,2021-06-15 15:46:39,129985.0,3
590,2021-06-15 15:46:40,129980.0,20
591,2021-06-15 15:46:40,129975.0,1
592,2021-06-15 15:46:41,129980.0,1
593,2021-06-15 15:46:42,129970.0,1
594,2021-06-15 15:46:42,129970.0,1
595,2021-06-15 15:46:43,129975.0,5
596,2021-06-15 15:46:43,129975.0,2
597,2021-06-15 15:46:44,129960.0,2
598,2021-06-15 15:46:44,129955.0,1
599,2021-06-15 15:46:45,129955.0,5
600,2021-06-15 15:46:45,129965.0,1
601,2021-06-15 15:46:46,129960.0,1
602,2021-06-15 15:46:46,129955.0,10
603,2021-06-15 15:46:47,129955.0,1
604,2021-06-15 15:46:47,129955.0,1
605,2021-06-15 15:46:48,129955.0,4
606,2021-06-15 15:46:48,129955.0,1
607,2021-06-15 15:46:49,129950.0,1
608,2021-06-15 15:46:49,129950.0,1
609,2021-06-15 15:46:50,129955.0,1
610,2021-06-15 15:46:50,129955.0,1
611,2021-06-15 15:46:51,129955.0,1
612,2021-06-15 15:46:51,129965.0,1
613,2021-06-15 15:46:52,129965.0,1
614,2021-06-15 15:46:52,129960.0,1
615,2021-06-15 15:46:53,129960.0,2
616,2021-06-15 15:46:54,129960.0,68
617,2021-06-15 15:46:54,129960.0,21
618,2021-06-15 15:46:55,129960.0,1
619,2021-06-15 15:46:55,129945.0,6
620,2021-06-15 15:46:56,129950.0,5
621,2021-06-15 15:46:56,129945.0,8
622,2021-06-15 15:46:57,129955.0,5
623,2021-06-15 15:46:57,129950.0,20
624,2021-06-15 15:46:58,129950.0,1
625,2021-06-15 15:46:58,129950.0,10
626,2021-06-15 15:46:59,129950.0,3
627,2021-06-15 15:46:59,129945.0,16
628,2021-06-15 15:47:00,129945.0,78
629,2021-06-15 15:47:00,129935.0,1
630,2021-06-15 15:47:01,129925.0,3
631,2021-06-15 15:47:01,129935.0,20
632,2021-06-15 15:47:02,129935.0,1
633,2021-06-15 15:47:02,129930.0,1
634,2021-06-15 15:47:03,129935.0,1
635,2021-06-15 15:47:03,129930.0,1
636,2021-06-15 15:47:04,129935.0,2
637,2021-06-15 15:47:05,129935.0,1
638,2021-06-15 15:47:05,129940.0,1
639,2021-06-15 15:47:06,129940.0,1
640,2021-06-15 15:47:06,129940.0,70
641,2021-06-15 15:47:07,129940.0,1
642,2021-06-15 15:47:07,129935.0,2
643,2021-06-15 15:47:08,129935.0,1
644,2021-06-15 15:47:08,129935.0,5
645,2021-06-15 15:47:09,129940.0,10
646,2021-06-15 15:47:09,129935.0,5
647,2021-06-15 15:47:10,129940.0,1
648,2021-06-15 15:47:10,129940.0,5
649,2021-06-15 15:47:11,129930.0,3
650,2021-06-15 15:47:11,129940.0,16
651,2021-06-15 15:47:12,129940.0,1
652,2021-06-15 15:47:12,129940.0,1
653,2021-06-15 15:47:13,129945.0,1
654,2021-06-15 15:47:13,129945.0,1
655,2021-06-15 15:47:14,129940.0,4
656,2021-06-15 15:47:15,129950.0,1
657,2021-06-15 15:47:15,129955.0,184
658,2021-06-15 15:47:16,129955.0,27
659,2021-06-15 15:47:16,129950.0,2
660,2021-06-15 15:47:17,129955.0,21
661,2021-06-15 15:47:17,129955.0,1
662,2021-06-15 15:47:18,129955.0,1
663,2021-06-15 15:47:18,129960.0,25
664,2021-06-15 15:47:19,129960.0,1
665,2021-06-15 15:47:19,129965.0,6
666,2021-06-15 15:47:20,129965.0,1
667,2021-06-15 15:47:20,129965.0,12
668,2021-06-15 15:47:21,129960.0,83
669,2021-06-15 15:47:21,129970.0,2
670,2021-06-15 15:47:22,129975.0,3
671,2021-06-15 15:47:22,129975.0,57
672,2021-06-15 15:47:23,129970.0,1
673,2021-06-15 15:47:23,129965.0,1
674,2021-06-15 15:47:24,129970.0,53
675,2021-06-15 15:47:24,129970.0,1
676,2021-06-15 15:47:25,129965.0,1
677,2021-06-15 15:47:26,129965.0,1
678,2021-06-15 15:47:26,129960.0,1
679,2021-06-15 15:47:27,129955.0,4
680,2021-06-15 15:47:27,129960.0,2
681,2021-06-15 15:47:28,129960.0,1
682,2021-06-15 15:47:28,129965.0,50
683,2021-06-15 15:47:29,129965.0,1
684,2021-06-15 15:47:29,129965.0,132
685,2021-06-15 15:47:30,129960.0,1
686,2021-06-15 15:47:30,129965.0,1
687,2021-06-15 15:47:31,129970.0,5
688,2021-06-15 15:47:31,129970.0,50
689,2021-06-15 15:47:32,129970.0,19
690,2021-06-15 15:47:32,129970.0,5
691,2021-06-15 15:47:33,129980.0,1
692,2021-06-15 15:47:33,129980.0,2
693,2021-06-15 15:47:34,129980.0,1
694,2021-06-15 15:47:34,129980.0,2
695,2021-06-15 15:47:35,129970.0,1
696,2021-06-15 15:47:35,129975.0,43
697,2021-06-15 15:47:36,129975.0,1
698,2021-06-15 15:47:36,129980.0,1
699,2021-06-15 15:47:37,129975.0,10
700,2021-06-15 15:47:37,129980.0,1
701,2021-06-15 15:47:38,129980.0,8
702,2021-06-15 15:47:39,129970.0,3
703,2021-06-15 15:47:39,129970.0,1
704,2021-06-15 15:47:39,129975.0,2
705,2021-06-15 15:47:40,129975.0,10
706,2021-06-15 15:47:41,129970.0,1
707,2021-06-15 15:47:41,129970.0,2
708,2021-06-15 15:47:41,129975.0,4
709,2021-06-15 15:47:42,129980.0,1
710,2021-06-15 15:47:43,129970.0,50
711,2021-06-15 15:47:43,129970.0,2
712,2021-06-15 15:47:44,129970.0,1
713,2021-06-15 15:47:44,129975.0,5
714,2021-06-15 15:47:45,129975.0,6
715,2021-06-15 15:47:45,129980.0,1
716,2021-06-15 15:47:46,129980.0,1
717,2021-06-15 15:47:46,129980.0,1
718,2021-06-15 15:47:47,129980.0,2
719,2021-06-15 15:47:47,129975.0,2
720,2021-06-15 15:47:48,129975.0,3
721,2021-06-15 15:47:48,129975.0,1
722,2021-06-15 15:47:49,129980.0,1
723,2021-06-15 15:47:50,129970.0,20
724,2021-06-15 15:47:50,129970.0,1
725,2021-06-15 15:47:51,129975.0,1
726,2021-06-15 15:47:51,129970.0,5
727,2021-06-15 15:47:52,129975.0,10
728,2021-06-15 15:47:52,129970.0,1
729,2021-06-15 15:47:53,129970.0,1
730,2021-06-15 15:47:53,129970.0,1
731,2021-06-15 15:47:54,129970.0,1
732,2021-06-15 15:47:54,129970.0,36
733,2021-06-15 15:47:55,129965.0,1
734,2021-06-15 15:47:55,129965.0,4
735,2021-06-15 15:47:56,129965.0,6
736,2021-06-15 15:47:56,129965.0,4
737,2021-06-15 15:47:57,129970.0,25
738,2021-06-15 15:47:57,129965.0,1
739,2021-06-15 15:47:58,129970.0,1
740,2021-06-15 15:47:58,129965.0,10
741,2021-06-15 15:47:59,129965.0,1
742,2021-06-15 15:47:59,129965.0,2
743,2021-06-15 15:48:00,129970.0,1
744,2021-06-15 15:48:00,129955.0,5
745,2021-06-15 15:48:01,129955.0,1
746,2021-06-15 15:48:01,129960.0,5
747,2021-06-15 15:48:02,129950.0,373
748,2021-06-15 15:48:03,129950.0,1
749,2021-06-15 15:48:03,129950.0,3
750,2021-06-15 15:48:04,129950.0,23
751,2021-06-15 15:48:04,129950.0,3
752,2021-06-15 15:48:05,129950.0,2
753,2021-06-15 15:48:05,129950.0,5
754,2021-06-15 15:48:06,129955.0,40
755,2021-06-15 15:48:06,129945.0,5
756,2021-06-15 15:48:07,129945.0,100
757,2021-06-15 15:48:07,129945.0,1
758,2021-06-15 15:48:08,129950.0,1
759,2021-06-15 15:48:08,129950.0,2
760,2021-06-15 15:48:09,129950.0,6
761,2021-06-15 15:48:09,129955.0,1
762,2021-06-15 15:48:10,129950.0,5
763,2021-06-15 15:48:10,129950.0,1
764,2021-06-15 15:48:11,129955.0,12
765,2021-06-15 15:48:11,129955.0,2
766,2021-06-15 15:48:12,129955.0,1
767,2021-06-15 15:48:13,129950.0,1
768,2021-06-15 15:48:13,129955.0,1
769,2021-06-15 15:48:13,129950.0,20
770,2021-06-15 15:48:14,129955.0,2
771,2021-06-15 15:48:15,129960.0,20
772,2021-06-15 15:48:15,129965.0,1
773,2021-06-15 15:48:16,129970.0,50
774,2021-06-15 15:48:16,129970.0,14
775,2021-06-15 15:48:17,129970.0,131
776,2021-06-15 15:48:17,129970.0,60
777,2021-06-15 15:48:18,129965.0,2
778,2021-06-15 15:48:18,129965.0,5
779,2021-06-15 15:48:19,129965.0,1
780,2021-06-15 15:48:19,129960.0,1
781,2021-06-15 15:48:20,129965.0,1
782,2021-06-15 15:48:20,129965.0,1
783,2021-06-15 15:48:21,129960.0,3
784,2021-06-15 15:48:21,129965.0,1
785,2021-06-15 15:48:22,129960.0,1
786,2021-06-15 15:48:22,129960.0,1
787,2021-06-15 15:48:23,129970.0,1
788,2021-06-15 15:48:24,129965.0,3
789,2021-06-15 15:48:24,129965.0,1
790,2021-06-15 15:48:25,129965.0,1
791,2021-06-15 15:48:25,129970.0,6
792,2021-06-15 15:48:26,129970.0,19
793,2021-06-15 15:48:26,129970.0,44
794,2021-06-15 15:48:27,129965.0,1
795,2021-06-15 15:48:27,129965.0,1
796,2021-06-15 15:48:28,129965.0,2
797,2021-06-15 15:48:28,129970.0,30
798,2021-06-15 15:48:29,129965.0,1
799,2021-06-15 15:48:29,129960.0,27
800,2021-06-15 15:48:30,129960.0,5
801,2021-06-15 15:48:30,129955.0,1
802,2021-06-15 15:48:31,129960.0,1
803,2021-06-15 15:48:31,129955.0,1
804,2021-06-15 15:48:32,129955.0,2
805,2021-06-15 15:48:32,129960.0,19
806,2021-06-15 15:48:33,129965.0,31
807,2021-06-15 15:48:34,129965.0,44
808,2021-06-15 15:48:34,129960.0,3
809,2021-06-15 15:48:35,129960.0,10
810,2021-06-15 15:48:35,129965.0,1
811,2021-06-15 15:48:36,129965.0,1
812,2021-06-15 15:48:36,129965.0,24
813,2021-06-15 15:48:37,129975.0,1
814,2021-06-15 15:48:37,129975.0,29
815,2021-06-15 15:48:38,129975.0,5
816,2021-06-15 15:48:38,129970.0,1
817,2021-06-15 15:48:39,129975.0,108
818,2021-06-15 15:48:39,129985.0,5
819,2021-06-15 15:48:40,129990.0,2
820,2021-06-15 15:48:40,129995.0,5
821,2021-06-15 15:48:41,129985.0,1
822,2021-06-15 15:48:41,129990.0,1
823,2021-06-15 15:48:42,129990.0,2
824,2021-06-15 15:48:42,129990.0,5
825,2021-06-15 15:48:43,129990.0,1
826,2021-06-15 15:48:44,129995.0,40
827,2021-06-15 15:48:44,129990.0,10
828,2021-06-15 15:48:45,129990.0,36
829,2021-06-15 15:48:45,129995.0,1
830,2021-06-15 15:48:46,129990.0,32
831,2021-06-15 15:48:46,130000.0,1
832,2021-06-15 15:48:47,129990.0,1
833,2021-06-15 15:48:47,130000.0,1
834,2021-06-15 15:48:48,130005.0,25
835,2021-06-15 15:48:48,130005.0,1
836,2021-06-15 15:48:49,130005.0,6
837,2021-06-15 15:48:49,130005.0,1
838,2021-06-15 15:48:50,130005.0,5
839,2021-06-15 15:48:50,130015.0,1
840,2021-06-15 15:48:51,130020.0,4
841,2021-06-15 15:48:51,130010.0,2
842,2021-06-15 15:48:52,130020.0,11
843,2021-06-15 15:48:52,130020.0,50
844,2021-06-15 15:48:53,130020.0,1
845,2021-06-15 15:48:53,130020.0,50
846,2021-06-15 15:48:54,130015.0,5
847,2021-06-15 15:48:54,130025.0,3
848,2021-06-15 15:48:55,130015.0,1
849,2021-06-15 15:48:56,130020.0,1
850,2021-06-15 15:48:56,130020.0,5
851,2021-06-15 15:48:57,130010.0,3
852,2021-06-15 15:48:57,130010.0,5
853,2021-06-15 15:48:58,130010.0,1
854,2021-06-15 15:48:58,130015.0,25
855,2021-06-15 15:48:59,130015.0,1
856,2021-06-15 15:48:59,130010.0,5
857,2021-06-15 15:49:00,130010.0,5
858,2021-06-15 15:49:00,130010.0,4
859,2021-06-15 15:49:01,130030.0,3
860,2021-06-15 15:49:01,130030.0,1
861,2021-06-15 15:49:02,130035.0,1
862,2021-06-15 15:49:02,130030.0,1
863,2021-06-15 15:49:03,130035.0,2
864,2021-06-15 15:49:03,130030.0,2
865,2021-06-15 15:49:04,130025.0,1
866,2021-06-15 15:49:04,130030.0,12
867,2021-06-15 15:49:05,130025.0,5
868,2021-06-15 15:49:05,130025.0,50
869,2021-06-15 15:49:06,130025.0,2
870,2021-06-15 15:49:07,130030.0,1
871,2021-06-15 15:49:07,130025.0,8
872,2021-06-15 15:49:08,130030.0,1
873,2021-06-15 15:49:08,130035.0,2
874,2021-06-15 15:49:09,130025.0,1
875,2021-06-15 15:49:09,130030.0,1
876,2021-06-15 15:49:10,130025.0,1
877,2021-06-15 15:49:10,130025.0,1
878,2021-06-15 15:49:11,130030.0,32
879,2021-06-15 15:49:11,130025.0,100
880,2021-06-15 15:49:12,130030.0,5
881,2021-06-15 15:49:12,130035.0,3
882,2021-06-15 15:49:13,130035.0,5
883,2021-06-15 15:49:13,130040.0,2
884,2021-06-15 15:49:14,130035.0,1
885,2021-06-15 15:49:14,130035.0,10
886,2021-06-15 15:49:15,130030.0,1
887,2021-06-15 15:49:15,130040.0,2
888,2021-06-15 15:49:16,130035.0,18
889,2021-06-15 15:49:16,130040.0,1
890,2021-06-15 15:49:17,130040.0,10
891,2021-06-15 15:49:18,130035.0,1
892,2021-06-15 15:49:18,130035.0,2
893,2021-06-15 15:49:19,130040.0,1
894,2021-06-15 15:49:19,130040.0,5
895,2021-06-15 15:49:20,130030.0,1
896,2021-06-15 15:49:20,130040.0,24
897,2021-06-15 15:49:21,130045.0,1
898,2021-06-15 15:49:21,130040.0,17
899,2021-06-15 15:49:22,130040.0,1
900,2021-06-15 15:49:22,130040.0,1
901,2021-06-15 15:49:23,130045.0,4
902,2021-06-15 15:49:23,130040.0,1
903,2021-06-15 15:49:24,130040.0,1
904,2021-06-15 15:49:24,130045.0,1
905,2021-06-15 15:49:25,130040.0,1
906,2021-06-15 15:49:25,130040.0,82
907,2021-06-15 15:49:26,130045.0,2
908,2021-06-15 15:49:26,130045.0,1
909,2021-06-15 15:49:27,130045.0,1
910,2021-06-15 15:49:28,130055.0,3
911,2021-06-15 15:49:28,130060.0,5
912,2021-06-15 15:49:29,130060.0,3
913,2021-06-15 15:49:29,130060.0,10
914,2021-06-15 15:49:30,130065.0,1
915,2021-06-15 15:49:30,130065.0,1
916,2021-06-15 15:49:31,130065.0,10
917,2021-06-15 15:49:31,130060.0,1
918,2021-06-15 15:49:32,130060.0,5
919,2021-06-15 15:49:32,130065.0,1
920,2021-06-15 15:49:33,130060.0,15
921,2021-06-15 15:49:33,130065.0,5
922,2021-06-15 15:49:34,130060.0,1
923,2021-06-15 15:49:34,130065.0,10
924,2021-06-15 15:49:35,130065.0,1
925,2021-06-15 15:49:35,130070.0,1
926,2021-06-15 15:49:36,130065.0,4
927,2021-06-15 15:49:36,130070.0,1
928,2021-06-15 15:49:37,130065.0,2
929,2021-06-15 15:49:37,130075.0,5
930,2021-06-15 15:49:38,130070.0,4
931,2021-06-15 15:49:38,130070.0,1
932,2021-06-15 15:49:39,130080.0,1
933,2021-06-15 15:49:40,130080.0,25
934,2021-06-15 15:49:40,130075.0,1
935,2021-06-15 15:49:41,130080.0,1
936,2021-06-15 15:49:41,130080.0,1
937,2021-06-15 15:49:42,130085.0,5
938,2021-06-15 15:49:42,130080.0,1
939,2021-06-15 15:49:43,130075.0,1
940,2021-06-15 15:49:43,130075.0,10
941,2021-06-15 15:49:44,130075.0,3
942,2021-06-15 15:49:44,130075.0,1
943,2021-06-15 15:49:45,130075.0,1
944,2021-06-15 15:49:45,130075.0,4
945,2021-06-15 15:49:46,130070.0,1
946,2021-06-15 15:49:46,130070.0,44
947,2021-06-15 15:49:47,130065.0,5
948,2021-06-15 15:49:47,130060.0,3
949,2021-06-15 15:49:48,130060.0,1
950,2021-06-15 15:49:48,130060.0,4
951,2021-06-15 15:49:49,130065.0,1
952,2021-06-15 15:49:49,130050.0,5
953,2021-06-15 15:49:50,130050.0,5
954,2021-06-15 15:49:51,130050.0,1
955,2021-06-15 15:49:51,130045.0,60
956,2021-06-15 15:49:52,130040.0,10
957,2021-06-15 15:49:52,130040.0,1
958,2021-06-15 15:49:53,130040.0,2
959,2021-06-15 15:49:53,130040.0,2
960,2021-06-15 15:49:54,130035.0,5
961,2021-06-15 15:49:54,130035.0,2
962,2021-06-15 15:49:55,130035.0,24
963,2021-06-15 15:49:55,130040.0,1
964,2021-06-15 15:49:56,130045.0,3
965,2021-06-15 15:49:56,130045.0,1
966,2021-06-15 15:49:57,130040.0,1
967,2021-06-15 15:49:57,130050.0,2
968,2021-06-15 15:49:58,130045.0,1
969,2021-06-15 15:49:58,130050.0,1
970,2021-06-15 15:49:59,130050.0,3
971,2021-06-15 15:49:59,130050.0,3
972,2021-06-15 15:50:00,130065.0,20
973,2021-06-15 15:50:01,130065.0,2
974,2021-06-15 15:50:01,130060.0,5
975,2021-06-15 15:50:02,130060.0,5
976,2021-06-15 15:50:02,130060.0,20
977,2021-06-15 15:50:03,130055.0,10
978,2021-06-15 15:50:03,130060.0,200
979,2021-06-15 15:50:04,130065.0,1
980,2021-06-15 15:50:04,130070.0,2
981,2021-06-15 15:50:05,130070.0,2
982,2021-06-15 15:50:05,130065.0,2
983,2021-06-15 15:50:06,130075.0,50
984,2021-06-15 15:50:06,130075.0,1
985,2021-06-15 15:50:07,130070.0,36
986,2021-06-15 15:50:07,130080.0,1
987,2021-06-15 15:50:08,130085.0,2
988,2021-06-15 15:50:08,130090.0,3
989,2021-06-15 15:50:09,130090.0,1
990,2021-06-15 15:50:09,130090.0,20
991,2021-06-15 15:50:10,130080.0,1
992,2021-06-15 15:50:11,130080.0,25
993,2021-06-15 15:50:11,130085.0,20
994,2021-06-15 15:50:12,130095.0,1
995,2021-06-15 15:50:12,130095.0,1
996,2021-06-15 15:50:13,130095.0,1
997,2021-06-15 15:50:13,130090.0,1
998,2021-06-15 15:50:14,130095.0,1
999,2021-06-15 15:50:14,130095.0,20
1000,2021-06-15 15:50:15,130100.0,1
1001,2021-06-15 15:50:15,130100.0,10
1002,2021-06-15 15:50:16,130105.0,10
1003,2021-06-15 15:50:16,130100.0,3
1004,2021-06-15 15:50:17,130105.0,8
1005,2021-06-15 15:50:17,130100.0,1
1006,2021-06-15 15:50:17,130100.0,1
1007,2021-06-15 15:50:17,130100.0,1
1008,2021-06-15 15:50:17,130100.0,1
1009,2021-06-15 15:50:17,130100.0,1
1010,2021-06-15 15:50:17,130100.0,1
1011,2021-06-15 15:50:17,130100.0,1
1012,2021-06-15 15:50:17,130100.0,1
1013,2021-06-15 15:50:17,130100.0,1
1014,2021-06-15 15:50:17,130100.0,1
1015,2021-06-15 15:50:17,130100.0,1
1016,2021-06-15 15:50:17,130100.0,1
1017,2021-06-15 15:50:17,130100.0,1
1018,2021-06-15 15:50:17,130100.0,1
1019,2021-06-15 15:50:17,130100.0,1
1020,2021-06-15 15:50:17,130100.0,1
1021,2021-06-15 15:50:17,130100.0,1
1022,2021-06-15 15:50:17,130100.0,1
1023,2021-06-15 15:50:17,130100.0,1
1024,2021-06-15 15:50:17,130100.0,1
1025,2021-06-15 15:50:17,130100.0,1
1026,2021-06-15 15:50:17,130100.0,1
1027,2021-06-15 15:50:17,130100.0,1
1028,2021-06-15 15:50:17,130100.0,1
1029,2021-06-15 15:50:30,130095.0,36
1030,2021-06-15 15:50:31,130095.0,1
1031,2021-06-15 15:50:31,130100.0,1
1032,2021-06-15 15:50:32,130105.0,1
1033,2021-06-15 15:50:32,130100.0,1
1034,2021-06-15 15:50:33,130100.0,3
1035,2021-06-15 15:50:33,130105.0,10
1036,2021-06-15 15:50:34,130100.0,1
1037,2021-06-15 15:50:34,130100.0,5
1038,2021-06-15 15:50:35,130105.0,1
1039,2021-06-15 15:50:35,130100.0,1
1040,2021-06-15 15:50:36,130105.0,1
1041,2021-06-15 15:50:36,130100.0,7
1042,2021-06-15 15:50:37,130100.0,2
1043,2021-06-15 15:50:37,130100.0,11
1044,2021-06-15 15:50:38,130095.0,1
1045,2021-06-15 15:50:39,130090.0,10
1046,2021-06-15 15:50:39,130095.0,2
1047,2021-06-15 15:50:40,130090.0,3
1048,2021-06-15 15:50:40,130085.0,1
1049,2021-06-15 15:50:41,130085.0,29
1050,2021-06-15 15:50:41,130085.0,2
1051,2021-06-15 15:50:42,130090.0,1
1052,2021-06-15 15:50:42,130080.0,2
1053,2021-06-15 15:50:43,130080.0,100
1054,2021-06-15 15:50:43,130080.0,2
1055,2021-06-15 15:50:44,130080.0,1
1056,2021-06-15 15:50:44,130075.0,2
1057,2021-06-15 15:50:45,130070.0,1
1058,2021-06-15 15:50:45,130065.0,1
1059,2021-06-15 15:50:46,130070.0,25
1060,2021-06-15 15:50:46,130070.0,2
1061,2021-06-15 15:50:47,130070.0,2
1062,2021-06-15 15:50:48,130070.0,1
1063,2021-06-15 15:50:48,130075.0,1
1064,2021-06-15 15:50:49,130070.0,5
1065,2021-06-15 15:50:49,130065.0,5
1066,2021-06-15 15:50:50,130065.0,12
1067,2021-06-15 15:50:50,130065.0,2
1068,2021-06-15 15:50:51,130065.0,1
1069,2021-06-15 15:50:51,130070.0,1
1070,2021-06-15 15:50:52,130075.0,1
1071,2021-06-15 15:50:52,130070.0,2
1072,2021-06-15 15:50:53,130075.0,5
1073,2021-06-15 15:50:53,130070.0,1
1074,2021-06-15 15:50:54,130070.0,1
1075,2021-06-15 15:50:54,130060.0,2
1076,2021-06-15 15:50:55,130060.0,1
1077,2021-06-15 15:50:55,130055.0,3
1078,2021-06-15 15:50:56,130060.0,2
1079,2021-06-15 15:50:56,130060.0,1
1080,2021-06-15 15:50:57,130065.0,2
1081,2021-06-15 15:50:58,130060.0,1
1082,2021-06-15 15:50:58,130065.0,1
1083,2021-06-15 15:50:59,130060.0,1
1084,2021-06-15 15:50:59,130050.0,1
1085,2021-06-15 15:51:00,130050.0,1
1086,2021-06-15 15:51:00,130045.0,1
1087,2021-06-15 15:51:01,130050.0,10
1088,2021-06-15 15:51:01,130050.0,10
1089,2021-06-15 15:51:02,130050.0,12
1090,2021-06-15 15:51:02,130060.0,2
1091,2021-06-15 15:51:03,130055.0,1
1092,2021-06-15 15:51:03,130060.0,59
1093,2021-06-15 15:51:04,130060.0,1
1094,2021-06-15 15:51:04,130055.0,10
1095,2021-06-15 15:51:05,130045.0,2
1096,2021-06-15 15:51:05,130050.0,42
1097,2021-06-15 15:51:06,130055.0,4
1098,2021-06-15 15:51:06,130055.0,5
1099,2021-06-15 15:51:07,130055.0,1
1100,2021-06-15 15:51:07,130050.0,1
1101,2021-06-15 15:51:08,130050.0,1
1102,2021-06-15 15:51:09,130045.0,1
1103,2021-06-15 15:51:09,130050.0,1
1104,2021-06-15 15:51:10,130050.0,5
1105,2021-06-15 15:51:10,130055.0,1
1106,2021-06-15 15:51:11,130055.0,1
1107,2021-06-15 15:51:11,130055.0,1
1108,2021-06-15 15:51:12,130055.0,5
1109,2021-06-15 15:51:12,130060.0,23
1110,2021-06-15 15:51:13,130050.0,1
1111,2021-06-15 15:51:13,130035.0,4
1112,2021-06-15 15:51:14,130040.0,5
1113,2021-06-15 15:51:14,130040.0,72
1114,2021-06-15 15:51:15,130040.0,1
1115,2021-06-15 15:51:15,130040.0,10
1116,2021-06-15 15:51:16,130035.0,1
1117,2021-06-15 15:51:16,130025.0,4
1118,2021-06-15 15:51:17,130030.0,1
1119,2021-06-15 15:51:17,130025.0,1
1120,2021-06-15 15:51:18,130025.0,10
1121,2021-06-15 15:51:18,130025.0,2
1122,2021-06-15 15:51:19,130025.0,2
1123,2021-06-15 15:51:19,130040.0,20
1124,2021-06-15 15:51:20,130040.0,12
1125,2021-06-15 15:51:21,130040.0,9
1126,2021-06-15 15:51:21,130030.0,30
1127,2021-06-15 15:51:22,130035.0,5
1128,2021-06-15 15:51:22,130035.0,1
1129,2021-06-15 15:51:23,130030.0,1
1130,2021-06-15 15:51:23,130030.0,10
1131,2021-06-15 15:51:24,130030.0,5
1132,2021-06-15 15:51:24,130030.0,1
1133,2021-06-15 15:51:25,130035.0,1
1134,2021-06-15 15:51:25,130030.0,9
1135,2021-06-15 15:51:26,130030.0,11
1136,2021-06-15 15:51:26,130035.0,10
1137,2021-06-15 15:51:27,130030.0,2
1138,2021-06-15 15:51:27,130035.0,1
1139,2021-06-15 15:51:28,130035.0,1
1140,2021-06-15 15:51:28,130030.0,2
1141,2021-06-15 15:51:29,130035.0,4
1142,2021-06-15 15:51:29,130030.0,6
1143,2021-06-15 15:51:30,130035.0,4
1144,2021-06-15 15:51:30,130030.0,1
1145,2021-06-15 15:51:31,130035.0,4
1146,2021-06-15 15:51:31,130025.0,1
1147,2021-06-15 15:51:32,130025.0,1
1148,2021-06-15 15:51:32,130025.0,1
1149,2021-06-15 15:51:33,130020.0,2
1150,2021-06-15 15:51:34,130020.0,2
1151,2021-06-15 15:51:34,130015.0,9
1152,2021-06-15 15:51:35,130020.0,1
1153,2021-06-15 15:51:35,130020.0,10
1154,2021-06-15 15:51:36,130035.0,2
1155,2021-06-15 15:51:36,130030.0,1
1156,2021-06-15 15:51:37,130030.0,4
1157,2021-06-15 15:51:37,130030.0,9
1158,2021-06-15 15:51:38,130025.0,2
1159,2021-06-15 15:51:38,130030.0,8
1160,2021-06-15 15:51:39,130030.0,4
1161,2021-06-15 15:51:39,130040.0,7
1162,2021-06-15 15:51:40,130040.0,1
1163,2021-06-15 15:51:40,130040.0,2
1164,2021-06-15 15:51:41,130040.0,4
1165,2021-06-15 15:51:41,130045.0,1
1166,2021-06-15 15:51:42,130045.0,4
1167,2021-06-15 15:51:42,130040.0,1
1168,2021-06-15 15:51:43,130050.0,8
1169,2021-06-15 15:51:43,130050.0,1
1170,2021-06-15 15:51:44,130045.0,20
1171,2021-06-15 15:51:45,130040.0,9
1172,2021-06-15 15:51:45,130040.0,10
1173,2021-06-15 15:51:46,130035.0,10
1174,2021-06-15 15:51:46,130035.0,10
1175,2021-06-15 15:51:47,130035.0,1
1176,2021-06-15 15:51:47,130035.0,1
1177,2021-06-15 15:51:48,130045.0,1
1178,2021-06-15 15:51:48,130045.0,1
1179,2021-06-15 15:51:49,130045.0,1
1180,2021-06-15 15:51:49,130050.0,20
1181,2021-06-15 15:51:50,130050.0,25
1182,2021-06-15 15:51:50,130050.0,22
1183,2021-06-15 15:51:51,130045.0,5
1184,2021-06-15 15:51:51,130050.0,1
1185,2021-06-15 15:51:52,130045.0,3
1186,2021-06-15 15:51:52,130055.0,1
1187,2021-06-15 15:51:53,130060.0,1
1188,2021-06-15 15:51:54,130060.0,5
1189,2021-06-15 15:51:54,130055.0,3
1190,2021-06-15 15:51:55,130055.0,1
1191,2021-06-15 15:51:55,130040.0,2
1192,2021-06-15 15:51:56,130040.0,10
1193,2021-06-15 15:51:56,130045.0,2
1194,2021-06-15 15:51:57,130040.0,1
1195,2021-06-15 15:51:57,130040.0,1
1196,2021-06-15 15:51:58,130035.0,1
1197,2021-06-15 15:51:58,130035.0,1
1198,2021-06-15 15:51:59,130030.0,1
1199,2021-06-15 15:51:59,130030.0,2
1200,2021-06-15 15:52:00,130030.0,2
1201,2021-06-15 15:52:00,130035.0,1
1202,2021-06-15 15:52:01,130030.0,5
1203,2021-06-15 15:52:01,130030.0,1
1204,2021-06-15 15:52:02,130030.0,1
1205,2021-06-15 15:52:02,130025.0,25
1206,2021-06-15 15:52:03,130030.0,1
1207,2021-06-15 15:52:03,130025.0,5
1208,2021-06-15 15:52:04,130030.0,1
1209,2021-06-15 15:52:04,130045.0,3
1210,2021-06-15 15:52:05,130045.0,3
1211,2021-06-15 15:52:05,130035.0,5
1212,2021-06-15 15:52:06,130040.0,1
1213,2021-06-15 15:52:07,130040.0,35
1214,2021-06-15 15:52:07,130040.0,3
1215,2021-06-15 15:52:08,130040.0,1
1216,2021-06-15 15:52:08,130045.0,3
1217,2021-06-15 15:52:09,130045.0,5
1218,2021-06-15 15:52:09,130045.0,8
1219,2021-06-15 15:52:10,130045.0,13
1220,2021-06-15 15:52:10,130040.0,1
1221,2021-06-15 15:52:11,130050.0,2
1222,2021-06-15 15:52:11,130050.0,17
1223,2021-06-15 15:52:12,130050.0,26
1224,2021-06-15 15:52:12,130050.0,11
1225,2021-06-15 15:52:13,130050.0,1
1226,2021-06-15 15:52:13,130050.0,10
1227,2021-06-15 15:52:14,130045.0,2
1228,2021-06-15 15:52:14,130045.0,30
1229,2021-06-15 15:52:15,130040.0,1
1230,2021-06-15 15:52:15,130040.0,1
1231,2021-06-15 15:52:16,130045.0,1
1232,2021-06-15 15:52:16,130040.0,1
1233,2021-06-15 15:52:17,130045.0,1
1234,2021-06-15 15:52:17,130045.0,5
1235,2021-06-15 15:52:18,130045.0,5
1236,2021-06-15 15:52:18,130045.0,5
1237,2021-06-15 15:52:19,130040.0,1
1238,2021-06-15 15:52:20,130045.0,1
1239,2021-06-15 15:52:20,130045.0,3
1240,2021-06-15 15:52:21,130040.0,1
1241,2021-06-15 15:52:21,130040.0,3
1242,2021-06-15 15:52:22,130045.0,1
1243,2021-06-15 15:52:22,130040.0,3
1244,2021-06-15 15:52:23,130015.0,1
1245,2021-06-15 15:52:23,130010.0,1
1246,2021-06-15 15:52:24,130010.0,1
1247,2021-06-15 15:52:24,130020.0,7
1248,2021-06-15 15:52:25,130015.0,4
1249,2021-06-15 15:52:25,130015.0,12
1250,2021-06-15 15:52:26,130020.0,20
1251,2021-06-15 15:52:26,130010.0,1
1252,2021-06-15 15:52:27,130015.0,2
1253,2021-06-15 15:52:27,130015.0,2
1254,2021-06-15 15:52:28,130020.0,88
1255,2021-06-15 15:52:28,130025.0,1
1256,2021-06-15 15:52:29,130025.0,2
1257,2021-06-15 15:52:30,130020.0,1
1258,2021-06-15 15:52:30,130015.0,64
1259,2021-06-15 15:52:31,130015.0,1
1260,2021-06-15 15:52:31,130020.0,2
1261,2021-06-15 15:52:32,130020.0,10
1262,2021-06-15 15:52:32,130025.0,1
1263,2021-06-15 15:52:33,130025.0,5
1264,2021-06-15 15:52:33,130025.0,5
1265,2021-06-15 15:52:34,130025.0,1
1266,2021-06-15 15:52:34,130025.0,2
1267,2021-06-15 15:52:35,130030.0,20
1268,2021-06-15 15:52:35,130035.0,8
1269,2021-06-15 15:52:36,130030.0,5
1270,2021-06-15 15:52:36,130025.0,1
1271,2021-06-15 15:52:37,130020.0,1
1272,2021-06-15 15:52:37,130020.0,1
1273,2021-06-15 15:52:38,130025.0,3
1274,2021-06-15 15:52:38,130020.0,29
1275,2021-06-15 15:52:39,130015.0,1
1276,2021-06-15 15:52:39,130015.0,1
1277,2021-06-15 15:52:40,130020.0,21
1278,2021-06-15 15:52:41,130025.0,49
1279,2021-06-15 15:52:41,130015.0,2
1280,2021-06-15 15:52:41,130015.0,2
1281,2021-06-15 15:52:42,130015.0,1
1282,2021-06-15 15:52:43,130020.0,10
1283,2021-06-15 15:52:43,130020.0,1
1284,2021-06-15 15:52:44,130015.0,20
1285,2021-06-15 15:52:44,130020.0,1
1286,2021-06-15 15:52:45,130015.0,10
1287,2021-06-15 15:52:45,130020.0,1
1288,2021-06-15 15:52:46,130020.0,4
1289,2021-06-15 15:52:46,130020.0,2
1290,2021-06-15 15:52:47,130020.0,15
1291,2021-06-15 15:52:47,130015.0,5
1292,2021-06-15 15:52:48,130020.0,7
1293,2021-06-15 15:52:48,130015.0,20
1294,2021-06-15 15:52:49,130020.0,1
1295,2021-06-15 15:52:49,130020.0,10
1296,2021-06-15 15:52:50,130025.0,10
1297,2021-06-15 15:52:50,130030.0,3
1298,2021-06-15 15:52:51,130030.0,1
1299,2021-06-15 15:52:52,130025.0,1
1300,2021-06-15 15:52:52,130035.0,5
1301,2021-06-15 15:52:53,130040.0,25
1302,2021-06-15 15:52:53,130045.0,33
1303,2021-06-15 15:52:54,130045.0,99
1304,2021-06-15 15:52:54,130045.0,5
1305,2021-06-15 15:52:55,130045.0,1
1306,2021-06-15 15:52:55,130045.0,5
1307,2021-06-15 15:52:56,130030.0,1
1308,2021-06-15 15:52:56,130035.0,1
1309,2021-06-15 15:52:57,130040.0,1
1310,2021-06-15 15:52:57,130040.0,8
1311,2021-06-15 15:52:58,130050.0,1
1312,2021-06-15 15:52:58,130050.0,1
1313,2021-06-15 15:52:59,130055.0,48
1314,2021-06-15 15:52:59,130060.0,1
1315,2021-06-15 15:53:00,130070.0,2
1316,2021-06-15 15:53:00,130075.0,4
1317,2021-06-15 15:53:01,130075.0,5
1318,2021-06-15 15:53:02,130070.0,38
1319,2021-06-15 15:53:02,130065.0,5
1320,2021-06-15 15:53:03,130060.0,1
1321,2021-06-15 15:53:03,130060.0,28
1322,2021-06-15 15:53:04,130065.0,49
1323,2021-06-15 15:53:04,130070.0,5
1324,2021-06-15 15:53:05,130070.0,30
1325,2021-06-15 15:53:05,130065.0,1
1326,2021-06-15 15:53:06,130070.0,1
1327,2021-06-15 15:53:06,130070.0,2
1328,2021-06-15 15:53:07,130065.0,10
1329,2021-06-15 15:53:07,130070.0,5
1330,2021-06-15 15:53:08,130075.0,1
1331,2021-06-15 15:53:08,130080.0,1
1332,2021-06-15 15:53:09,130075.0,1
1333,2021-06-15 15:53:09,130085.0,10
1334,2021-06-15 15:53:10,130080.0,3
1335,2021-06-15 15:53:10,130080.0,1
1336,2021-06-15 15:53:11,130080.0,1
1337,2021-06-15 15:53:11,130075.0,21
1338,2021-06-15 15:53:12,130070.0,1
1339,2021-06-15 15:53:13,130070.0,5
1340,2021-06-15 15:53:13,130075.0,1
1341,2021-06-15 15:53:14,130075.0,25
1342,2021-06-15 15:53:14,130065.0,122
1343,2021-06-15 15:53:15,130075.0,10
1344,2021-06-15 15:53:15,130075.0,3
1345,2021-06-15 15:53:16,130075.0,8
1346,2021-06-15 15:53:16,130070.0,5
1347,2021-06-15 15:53:17,130075.0,10
1348,2021-06-15 15:53:17,130065.0,1
1349,2021-06-15 15:53:18,130065.0,5
1350,2021-06-15 15:53:18,130065.0,6
1351,2021-06-15 15:53:19,130070.0,3
1352,2021-06-15 15:53:19,130080.0,1
1353,2021-06-15 15:53:20,130080.0,3
1354,2021-06-15 15:53:20,130085.0,25
1355,2021-06-15 15:53:21,130085.0,2
1356,2021-06-15 15:53:21,130080.0,1
1357,2021-06-15 15:53:22,130085.0,2
1358,2021-06-15 15:53:22,130080.0,80
1359,2021-06-15 15:53:23,130065.0,7
1360,2021-06-15 15:53:23,130070.0,10
1361,2021-06-15 15:53:24,130070.0,5
1362,2021-06-15 15:53:25,130065.0,1
1363,2021-06-15 15:53:25,130065.0,5
1364,2021-06-15 15:53:26,130070.0,50
1365,2021-06-15 15:53:26,130070.0,1
1366,2021-06-15 15:53:26,130070.0,5
1367,2021-06-15 15:53:27,130070.0,3
1368,2021-06-15 15:53:28,130065.0,1
1369,2021-06-15 15:53:28,130070.0,62
1370,2021-06-15 15:53:29,130075.0,36
1371,2021-06-15 15:53:29,130080.0,3
1372,2021-06-15 15:53:30,130080.0,3
1373,2021-06-15 15:53:30,130085.0,1
1374,2021-06-15 15:53:31,130085.0,1
1375,2021-06-15 15:53:31,130080.0,1
1376,2021-06-15 15:53:32,130080.0,1
1377,2021-06-15 15:53:32,130080.0,3
1378,2021-06-15 15:53:33,130080.0,16
1379,2021-06-15 15:53:33,130080.0,10
1380,2021-06-15 15:53:34,130080.0,10
1381,2021-06-15 15:53:34,130080.0,80
1382,2021-06-15 15:53:35,130080.0,1
1383,2021-06-15 15:53:36,130080.0,5
1384,2021-06-15 15:53:36,130085.0,20
1385,2021-06-15 15:53:37,130085.0,30
1386,2021-06-15 15:53:37,130090.0,1
1387,2021-06-15 15:53:38,130090.0,2
1388,2021-06-15 15:53:38,130090.0,3
1389,2021-06-15 15:53:39,130085.0,1
1390,2021-06-15 15:53:39,130085.0,8
1391,2021-06-15 15:53:40,130080.0,1
1392,2021-06-15 15:53:40,130085.0,3
1393,2021-06-15 15:53:41,130080.0,1
1394,2021-06-15 15:53:41,130080.0,3
1395,2021-06-15 15:53:42,130090.0,1
1396,2021-06-15 15:53:42,130080.0,1
1397,2021-06-15 15:53:43,130085.0,1
1398,2021-06-15 15:53:43,130085.0,1
1399,2021-06-15 15:53:44,130080.0,3
1400,2021-06-15 15:53:45,130080.0,1
1401,2021-06-15 15:53:45,130090.0,5
1402,2021-06-15 15:53:46,130090.0,1
1403,2021-06-15 15:53:46,130085.0,1
1404,2021-06-15 15:53:47,130080.0,3
1405,2021-06-15 15:53:47,130080.0,1
1406,2021-06-15 15:53:48,130085.0,1
1407,2021-06-15 15:53:48,130080.0,3
1408,2021-06-15 15:53:49,130080.0,1
1409,2021-06-15 15:53:49,130080.0,15
1410,2021-06-15 15:53:50,130085.0,15
1411,2021-06-15 15:53:50,130085.0,1
1412,2021-06-15 15:53:51,130090.0,1
1413,2021-06-15 15:53:51,130085.0,4
1414,2021-06-15 15:53:52,130080.0,3
1415,2021-06-15 15:53:52,130085.0,1
1416,2021-06-15 15:53:53,130080.0,7
1417,2021-06-15 15:53:53,130080.0,2
1418,2021-06-15 15:53:54,130080.0,1
1419,2021-06-15 15:53:54,130080.0,2
1420,2021-06-15 15:53:55,130085.0,30
1421,2021-06-15 15:53:55,130080.0,5
1422,2021-06-15 15:53:56,130080.0,1
1423,2021-06-15 15:53:56,130075.0,1
1424,2021-06-15 15:53:57,130085.0,1
1425,2021-06-15 15:53:58,130080.0,1
1426,2021-06-15 15:53:58,130085.0,13
1427,2021-06-15 15:53:59,130090.0,1
1428,2021-06-15 15:53:59,130090.0,1
1429,2021-06-15 15:54:00,130090.0,1
1430,2021-06-15 15:54:00,130095.0,10
1431,2021-06-15 15:54:01,130095.0,2
1432,2021-06-15 15:54:01,130095.0,1
1433,2021-06-15 15:54:02,130100.0,30
1434,2021-06-15 15:54:02,130100.0,1
1435,2021-06-15 15:54:03,130100.0,1
1436,2021-06-15 15:54:03,130100.0,4
1437,2021-06-15 15:54:04,130105.0,1
1438,2021-06-15 15:54:04,130105.0,1
1439,2021-06-15 15:54:05,130115.0,1
1440,2021-06-15 15:54:05,130110.0,1
1441,2021-06-15 15:54:06,130110.0,1
1442,2021-06-15 15:54:07,130110.0,3
1443,2021-06-15 15:54:07,130110.0,2
1444,2021-06-15 15:54:07,130115.0,1
1445,2021-06-15 15:54:08,130105.0,3
1446,2021-06-15 15:54:09,130110.0,1
1447,2021-06-15 15:54:09,130105.0,1
1448,2021-06-15 15:54:10,130105.0,15
1449,2021-06-15 15:54:10,130095.0,5
1450,2021-06-15 15:54:11,130090.0,1
1451,2021-06-15 15:54:11,130085.0,10
1452,2021-06-15 15:54:12,130070.0,3
1453,2021-06-15 15:54:12,130070.0,1
1454,2021-06-15 15:54:13,130070.0,19
1455,2021-06-15 15:54:13,130075.0,2
1456,2021-06-15 15:54:14,130085.0,1
1457,2021-06-15 15:54:14,130080.0,3
1458,2021-06-15 15:54:15,130075.0,1
1459,2021-06-15 15:54:15,130075.0,1
1460,2021-06-15 15:54:16,130085.0,25
1461,2021-06-15 15:54:16,130080.0,1
1462,2021-06-15 15:54:17,130080.0,5
1463,2021-06-15 15:54:18,130090.0,5
1464,2021-06-15 15:54:18,130085.0,1
1465,2021-06-15 15:54:19,130085.0,4
1466,2021-06-15 15:54:19,130090.0,1
1467,2021-06-15 15:54:20,130090.0,1
1468,2021-06-15 15:54:20,130095.0,5
1469,2021-06-15 15:54:21,130090.0,43
1470,2021-06-15 15:54:21,130090.0,11
1471,2021-06-15 15:54:22,130095.0,1
1472,2021-06-15 15:54:22,130090.0,7
1473,2021-06-15 15:54:23,130085.0,2
1474,2021-06-15 15:54:23,130070.0,2
1475,2021-06-15 15:54:24,130080.0,31
1476,2021-06-15 15:54:24,130080.0,4
1477,2021-06-15 15:54:25,130080.0,3
1478,2021-06-15 15:54:25,130085.0,1
1479,2021-06-15 15:54:26,130100.0,1
1480,2021-06-15 15:54:26,130095.0,47
1481,2021-06-15 15:54:27,130095.0,1
1482,2021-06-15 15:54:28,130095.0,4
1483,2021-06-15 15:54:28,130095.0,10
1484,2021-06-15 15:54:28,130095.0,1
1485,2021-06-15 15:54:29,130095.0,1
1486,2021-06-15 15:54:30,130100.0,6
1487,2021-06-15 15:54:30,130105.0,2
1488,2021-06-15 15:54:31,130105.0,8
1489,2021-06-15 15:54:31,130105.0,2
1490,2021-06-15 15:54:32,130100.0,1
1491,2021-06-15 15:54:32,130100.0,1
1492,2021-06-15 15:54:33,130100.0,1
1493,2021-06-15 15:54:33,130100.0,5
1494,2021-06-15 15:54:34,130100.0,1
1495,2021-06-15 15:54:34,130100.0,36
1496,2021-06-15 15:54:35,130100.0,5
1497,2021-06-15 15:54:35,130105.0,1
1498,2021-06-15 15:54:36,130105.0,5
1499,2021-06-15 15:54:36,130100.0,1
1500,2021-06-15 15:54:37,130100.0,20
1501,2021-06-15 15:54:37,130095.0,1
1502,2021-06-15 15:54:38,130100.0,5
1503,2021-06-15 15:54:39,130095.0,2
1504,2021-06-15 15:54:39,130100.0,3
1505,2021-06-15 15:54:40,130095.0,1
1506,2021-06-15 15:54:40,130095.0,1
1507,2021-06-15 15:54:41,130100.0,1
1508,2021-06-15 15:54:41,130095.0,50
1509,2021-06-15 15:54:42,130100.0,1
1510,2021-06-15 15:54:42,130100.0,3
1511,2021-06-15 15:54:43,130095.0,30
1512,2021-06-15 15:54:43,130095.0,1
1513,2021-06-15 15:54:44,130100.0,2
1514,2021-06-15 15:54:44,130095.0,22
1515,2021-06-15 15:54:45,130095.0,1
1516,2021-06-15 15:54:45,130095.0,5
1517,2021-06-15 15:54:46,130095.0,2
1518,2021-06-15 15:54:46,130095.0,20
1519,2021-06-15 15:54:47,130100.0,1
1520,2021-06-15 15:54:47,130105.0,1
1521,2021-06-15 15:54:48,130105.0,5
1522,2021-06-15 15:54:48,130100.0,3
1523,2021-06-15 15:54:49,130100.0,57
1524,2021-06-15 15:54:50,130100.0,1
1525,2021-06-15 15:54:50,130100.0,2
1526,2021-06-15 15:54:50,130100.0,1
1527,2021-06-15 15:54:51,130095.0,1
1528,2021-06-15 15:54:52,130095.0,3
1529,2021-06-15 15:54:52,130100.0,1
1530,2021-06-15 15:54:53,130095.0,4
1531,2021-06-15 15:54:53,130100.0,1
1532,2021-06-15 15:54:54,130100.0,1
1533,2021-06-15 15:54:54,130095.0,5
1534,2021-06-15 15:54:55,130100.0,1
1535,2021-06-15 15:54:55,130095.0,3
1536,2021-06-15 15:54:56,130090.0,5
1537,2021-06-15 15:54:56,130090.0,1
1538,2021-06-15 15:54:57,130100.0,1
1539,2021-06-15 15:54:57,130095.0,21
1540,2021-06-15 15:54:58,130100.0,2
1541,2021-06-15 15:54:58,130100.0,2
1542,2021-06-15 15:54:59,130100.0,1
1543,2021-06-15 15:54:59,130100.0,1
1544,2021-06-15 15:55:00,130100.0,3
1545,2021-06-15 15:55:01,130105.0,2
1546,2021-06-15 15:55:01,130100.0,1
1547,2021-06-15 15:55:02,130105.0,1
1548,2021-06-15 15:55:02,130105.0,15
1549,2021-06-15 15:55:03,130095.0,15
1550,2021-06-15 15:55:03,130100.0,1
1551,2021-06-15 15:55:04,130095.0,2
1552,2021-06-15 15:55:04,130095.0,5
1553,2021-06-15 15:55:05,130090.0,1
1554,2021-06-15 15:55:05,130085.0,50
1555,2021-06-15 15:55:06,130085.0,1
1556,2021-06-15 15:55:06,130080.0,5
1557,2021-06-15 15:55:07,130060.0,10
1558,2021-06-15 15:55:07,130070.0,1
1559,2021-06-15 15:55:08,130065.0,2
1560,2021-06-15 15:55:08,130070.0,224
1561,2021-06-15 15:55:09,130075.0,1
1562,2021-06-15 15:55:09,130085.0,2
1563,2021-06-15 15:55:10,130085.0,1
1564,2021-06-15 15:55:10,130085.0,5
1565,2021-06-15 15:55:11,130095.0,3
1566,2021-06-15 15:55:12,130090.0,8
1567,2021-06-15 15:55:12,130090.0,3
1568,2021-06-15 15:55:13,130085.0,5
1569,2021-06-15 15:55:13,130095.0,2
1570,2021-06-15 15:55:14,130090.0,1
1571,2021-06-15 15:55:14,130090.0,11
1572,2021-06-15 15:55:15,130085.0,3
1573,2021-06-15 15:55:15,130085.0,1
1574,2021-06-15 15:55:16,130080.0,20
1575,2021-06-15 15:55:16,130080.0,96
1576,2021-06-15 15:55:17,130085.0,29
1577,2021-06-15 15:55:17,130085.0,3
1578,2021-06-15 15:55:18,130095.0,3
1579,2021-06-15 15:55:18,130085.0,1
1580,2021-06-15 15:55:19,130090.0,1
1581,2021-06-15 15:55:19,130090.0,4
1582,2021-06-15 15:55:20,130090.0,220
1583,2021-06-15 15:55:20,130095.0,1
1584,2021-06-15 15:55:21,130095.0,1
1585,2021-06-15 15:55:21,130090.0,41
1586,2021-06-15 15:55:22,130090.0,1
1587,2021-06-15 15:55:23,130095.0,1
1588,2021-06-15 15:55:23,130100.0,1
1589,2021-06-15 15:55:24,130105.0,55
1590,2021-06-15 15:55:24,130100.0,5
1591,2021-06-15 15:55:25,130105.0,1
1592,2021-06-15 15:55:25,130100.0,1
1593,2021-06-15 15:55:26,130100.0,3
1594,2021-06-15 15:55:26,130100.0,1
1595,2021-06-15 15:55:27,130100.0,2
1596,2021-06-15 15:55:27,130100.0,2
1597,2021-06-15 15:55:28,130095.0,1
1598,2021-06-15 15:55:28,130095.0,1
1599,2021-06-15 15:55:29,130100.0,5
1600,2021-06-15 15:55:29,130095.0,1
1601,2021-06-15 15:55:30,130100.0,1
1602,2021-06-15 15:55:30,130095.0,56
1603,2021-06-15 15:55:31,130095.0,1
1604,2021-06-15 15:55:31,130105.0,3
1605,2021-06-15 15:55:32,130105.0,2
1606,2021-06-15 15:55:32,130105.0,1
1607,2021-06-15 15:55:33,130105.0,1
1608,2021-06-15 15:55:34,130100.0,10
1609,2021-06-15 15:55:34,130105.0,1
1610,2021-06-15 15:55:35,130110.0,1
1611,2021-06-15 15:55:35,130120.0,74
1612,2021-06-15 15:55:36,130115.0,10
1613,2021-06-15 15:55:36,130110.0,10
1614,2021-06-15 15:55:37,130115.0,1
1615,2021-06-15 15:55:37,130115.0,7
1616,2021-06-15 15:55:38,130115.0,1
1617,2021-06-15 15:55:38,130115.0,1
1618,2021-06-15 15:55:39,130120.0,5
1619,2021-06-15 15:55:39,130115.0,1
1620,2021-06-15 15:55:40,130120.0,30
1621,2021-06-15 15:55:40,130125.0,1
1622,2021-06-15 15:55:41,130125.0,1
1623,2021-06-15 15:55:41,130125.0,1
1624,2021-06-15 15:55:42,130125.0,1
1625,2021-06-15 15:55:42,130120.0,1
1626,2021-06-15 15:55:43,130115.0,2
1627,2021-06-15 15:55:43,130110.0,100
1628,2021-06-15 15:55:44,130115.0,13
1629,2021-06-15 15:55:45,130115.0,1
1630,2021-06-15 15:55:45,130110.0,1
1631,2021-06-15 15:55:46,130110.0,3
1632,2021-06-15 15:55:46,130110.0,2
1633,2021-06-15 15:55:47,130115.0,3
1634,2021-06-15 15:55:47,130115.0,1
1635,2021-06-15 15:55:48,130120.0,2
1636,2021-06-15 15:55:48,130125.0,4
1637,2021-06-15 15:55:49,130120.0,3
1638,2021-06-15 15:55:49,130130.0,32
1639,2021-06-15 15:55:50,130130.0,1
1640,2021-06-15 15:55:50,130130.0,2
1641,2021-06-15 15:55:51,130125.0,105
1642,2021-06-15 15:55:51,130125.0,1
1643,2021-06-15 15:55:52,130125.0,11
1644,2021-06-15 15:55:52,130125.0,3
1645,2021-06-15 15:55:53,130120.0,6
1646,2021-06-15 15:55:53,130120.0,2
1647,2021-06-15 15:55:54,130125.0,3
1648,2021-06-15 15:55:54,130120.0,1
1649,2021-06-15 15:55:55,130120.0,60
1650,2021-06-15 15:55:56,130125.0,5
1651,2021-06-15 15:55:56,130130.0,14
1652,2021-06-15 15:55:57,130130.0,4
1653,2021-06-15 15:55:57,130130.0,1
1654,2021-06-15 15:55:58,130130.0,1
1655,2021-06-15 15:55:58,130130.0,20
1656,2021-06-15 15:55:59,130135.0,14
1657,2021-06-15 15:55:59,130130.0,5
1658,2021-06-15 15:56:00,130140.0,5
1659,2021-06-15 15:56:00,130140.0,2
1660,2021-06-15 15:56:01,130145.0,3
1661,2021-06-15 15:56:01,130140.0,40
1662,2021-06-15 15:56:02,130135.0,20
1663,2021-06-15 15:56:02,130135.0,1
1664,2021-06-15 15:56:03,130140.0,2
1665,2021-06-15 15:56:03,130140.0,3
1666,2021-06-15 15:56:04,130135.0,59
1667,2021-06-15 15:56:04,130130.0,20
1668,2021-06-15 15:56:05,130130.0,5
1669,2021-06-15 15:56:05,130135.0,5
1670,2021-06-15 15:56:06,130140.0,1
1671,2021-06-15 15:56:06,130140.0,1
1672,2021-06-15 15:56:07,130135.0,2
1673,2021-06-15 15:56:08,130135.0,1
1674,2021-06-15 15:56:08,130130.0,26
1675,2021-06-15 15:56:09,130125.0,2
1676,2021-06-15 15:56:09,130130.0,1
1677,2021-06-15 15:56:10,130130.0,8
1678,2021-06-15 15:56:10,130125.0,1
1679,2021-06-15 15:56:11,130125.0,1
1680,2021-06-15 15:56:11,130125.0,1
1681,2021-06-15 15:56:12,130125.0,1
1682,2021-06-15 15:56:12,130125.0,1
1683,2021-06-15 15:56:13,130130.0,2
1684,2021-06-15 15:56:13,130135.0,1
1685,2021-06-15 15:56:14,130135.0,2
1686,2021-06-15 15:56:14,130130.0,32
1687,2021-06-15 15:56:15,130125.0,25
1688,2021-06-15 15:56:15,130130.0,25
1689,2021-06-15 15:56:16,130130.0,1
1690,2021-06-15 15:56:16,130130.0,10
1691,2021-06-15 15:56:17,130125.0,1
1692,2021-06-15 15:56:18,130130.0,1
1693,2021-06-15 15:56:18,130125.0,1
1694,2021-06-15 15:56:18,130125.0,1
1695,2021-06-15 15:56:19,130120.0,5
1696,2021-06-15 15:56:20,130120.0,5
1697,2021-06-15 15:56:20,130120.0,50
1698,2021-06-15 15:56:21,130115.0,1
1699,2021-06-15 15:56:21,130120.0,20
1700,2021-06-15 15:56:22,130120.0,1
1701,2021-06-15 15:56:22,130115.0,3
1702,2021-06-15 15:56:23,130120.0,174
1703,2021-06-15 15:56:23,130120.0,5
1704,2021-06-15 15:56:24,130125.0,6
1705,2021-06-15 15:56:24,130125.0,1
1706,2021-06-15 15:56:25,130120.0,1
1707,2021-06-15 15:56:25,130120.0,10
1708,2021-06-15 15:56:26,130125.0,1
1709,2021-06-15 15:56:26,130115.0,5
1710,2021-06-15 15:56:27,130115.0,11
1711,2021-06-15 15:56:27,130120.0,2
1712,2021-06-15 15:56:28,130125.0,1
1713,2021-06-15 15:56:28,130120.0,1
1714,2021-06-15 15:56:29,130120.0,10
1715,2021-06-15 15:56:29,130120.0,3
1716,2021-06-15 15:56:30,130125.0,2
1717,2021-06-15 15:56:30,130125.0,1
1718,2021-06-15 15:56:31,130125.0,1
1719,2021-06-15 15:56:32,130120.0,3
1720,2021-06-15 15:56:32,130115.0,1
1721,2021-06-15 15:56:33,130115.0,1
1722,2021-06-15 15:56:33,130115.0,1
1723,2021-06-15 15:56:34,130115.0,1
1724,2021-06-15 15:56:34,130120.0,1
1725,2021-06-15 15:56:35,130110.0,1
1726,2021-06-15 15:56:35,130105.0,1
1727,2021-06-15 15:56:36,130105.0,4
1728,2021-06-15 15:56:36,130105.0,2
1729,2021-06-15 15:56:37,130110.0,1
1730,2021-06-15 15:56:37,130115.0,1
1731,2021-06-15 15:56:38,130115.0,1
1732,2021-06-15 15:56:38,130120.0,1
1733,2021-06-15 15:56:39,130120.0,2
1734,2021-06-15 15:56:39,130120.0,1
1735,2021-06-15 15:56:40,130120.0,20
1736,2021-06-15 15:56:40,130110.0,1
1737,2021-06-15 15:56:41,130110.0,2
1738,2021-06-15 15:56:41,130105.0,2
1739,2021-06-15 15:56:42,130110.0,1
1740,2021-06-15 15:56:43,130110.0,1
1741,2021-06-15 15:56:43,130110.0,1
1742,2021-06-15 15:56:44,130115.0,2
1743,2021-06-15 15:56:44,130115.0,1
1744,2021-06-15 15:56:45,130120.0,1
1745,2021-06-15 15:56:45,130120.0,1
1746,2021-06-15 15:56:46,130115.0,2
1747,2021-06-15 15:56:46,130120.0,2
1748,2021-06-15 15:56:47,130120.0,2
1749,2021-06-15 15:56:47,130120.0,1
1750,2021-06-15 15:56:48,130120.0,5
1751,2021-06-15 15:56:48,130115.0,3
1752,2021-06-15 15:56:49,130115.0,23
1753,2021-06-15 15:56:49,130115.0,1
1754,2021-06-15 15:56:50,130115.0,3
1755,2021-06-15 15:56:50,130120.0,1
1756,2021-06-15 15:56:51,130105.0,1
1757,2021-06-15 15:56:51,130110.0,10
1758,2021-06-15 15:56:52,130105.0,3
1759,2021-06-15 15:56:52,130110.0,1
1760,2021-06-15 15:56:53,130110.0,8
1761,2021-06-15 15:56:54,130105.0,21
1762,2021-06-15 15:56:54,130105.0,3
1763,2021-06-15 15:56:55,130110.0,3
1764,2021-06-15 15:56:55,130100.0,2
1765,2021-06-15 15:56:56,130105.0,1
1766,2021-06-15 15:56:56,130105.0,2
1767,2021-06-15 15:56:57,130100.0,1
1768,2021-06-15 15:56:57,130105.0,14
1769,2021-06-15 15:56:58,130100.0,5
1770,2021-06-15 15:56:58,130100.0,6
1771,2021-06-15 15:56:59,130100.0,5
1772,2021-06-15 15:56:59,130100.0,6
1773,2021-06-15 15:57:00,130100.0,2
1774,2021-06-15 15:57:00,130105.0,2
1775,2021-06-15 15:57:01,130095.0,1
1776,2021-06-15 15:57:01,130100.0,54
1777,2021-06-15 15:57:02,130110.0,25
1778,2021-06-15 15:57:03,130120.0,1
1779,2021-06-15 15:57:03,130120.0,5
1780,2021-06-15 15:57:04,130125.0,1
1781,2021-06-15 15:57:04,130125.0,10
1782,2021-06-15 15:57:05,130130.0,5
1783,2021-06-15 15:57:05,130140.0,1
1784,2021-06-15 15:57:06,130140.0,1
1785,2021-06-15 15:57:06,130145.0,26
1786,2021-06-15 15:57:07,130140.0,2
1787,2021-06-15 15:57:07,130140.0,1
1788,2021-06-15 15:57:08,130140.0,1
1789,2021-06-15 15:57:08,130140.0,10
1790,2021-06-15 15:57:09,130135.0,1
1791,2021-06-15 15:57:09,130135.0,1
1792,2021-06-15 15:57:10,130135.0,20
1793,2021-06-15 15:57:10,130130.0,1
1794,2021-06-15 15:57:11,130140.0,1
1795,2021-06-15 15:57:11,130140.0,3
1796,2021-06-15 15:57:12,130140.0,1
1797,2021-06-15 15:57:12,130135.0,1
1798,2021-06-15 15:57:13,130145.0,2
1799,2021-06-15 15:57:14,130140.0,3
1800,2021-06-15 15:57:14,130145.0,2
1801,2021-06-15 15:57:15,130145.0,2
1802,2021-06-15 15:57:15,130150.0,1
1803,2021-06-15 15:57:16,130150.0,3
1804,2021-06-15 15:57:16,130150.0,2
1805,2021-06-15 15:57:17,130155.0,1
1806,2021-06-15 15:57:17,130150.0,3
1807,2021-06-15 15:57:18,130140.0,1
1808,2021-06-15 15:57:18,130135.0,4
1809,2021-06-15 15:57:19,130135.0,21
1810,2021-06-15 15:57:19,130135.0,1
1811,2021-06-15 15:57:20,130135.0,1
1812,2021-06-15 15:57:20,130145.0,1
1813,2021-06-15 15:57:21,130145.0,15
1814,2021-06-15 15:57:21,130145.0,1
1815,2021-06-15 15:57:22,130140.0,1
1816,2021-06-15 15:57:22,130150.0,2
1817,2021-06-15 15:57:23,130145.0,2
1818,2021-06-15 15:57:24,130150.0,1
1819,2021-06-15 15:57:24,130150.0,1
1820,2021-06-15 15:57:25,130155.0,1
1821,2021-06-15 15:57:25,130150.0,1
1822,2021-06-15 15:57:26,130155.0,1
1823,2021-06-15 15:57:26,130155.0,11
1824,2021-06-15 15:57:27,130145.0,6
1825,2021-06-15 15:57:27,130145.0,1
1826,2021-06-15 15:57:28,130145.0,37
1827,2021-06-15 15:57:28,130150.0,20
1828,2021-06-15 15:57:29,130150.0,2
1829,2021-06-15 15:57:29,130145.0,27
1830,2021-06-15 15:57:30,130150.0,2
1831,2021-06-15 15:57:30,130145.0,1
1832,2021-06-15 15:57:31,130145.0,1
1833,2021-06-15 15:57:31,130150.0,1
1834,2021-06-15 15:57:32,130145.0,5
1835,2021-06-15 15:57:32,130155.0,1
1836,2021-06-15 15:57:33,130155.0,8
1837,2021-06-15 15:57:33,130160.0,1
1838,2021-06-15 15:57:34,130155.0,10
1839,2021-06-15 15:57:35,130155.0,1
1840,2021-06-15 15:57:35,130160.0,1
1841,2021-06-15 15:57:36,130160.0,5
1842,2021-06-15 15:57:36,130155.0,1
1843,2021-06-15 15:57:37,130160.0,1
1844,2021-06-15 15:57:37,130155.0,10
1845,2021-06-15 15:57:38,130160.0,1
1846,2021-06-15 15:57:38,130155.0,3
1847,2021-06-15 15:57:39,130155.0,5
1848,2021-06-15 15:57:39,130150.0,1
1849,2021-06-15 15:57:40,130155.0,2
1850,2021-06-15 15:57:40,130145.0,5
1851,2021-06-15 15:57:41,130145.0,1
1852,2021-06-15 15:57:41,130150.0,5
1853,2021-06-15 15:57:42,130145.0,3
1854,2021-06-15 15:57:42,130145.0,2
1855,2021-06-15 15:57:43,130145.0,1
1856,2021-06-15 15:57:43,130145.0,1
1857,2021-06-15 15:57:44,130140.0,1
1858,2021-06-15 15:57:45,130140.0,1
1859,2021-06-15 15:57:45,130135.0,20
1860,2021-06-15 15:57:46,130135.0,1
1861,2021-06-15 15:57:46,130140.0,3
1862,2021-06-15 15:57:47,130140.0,3
1863,2021-06-15 15:57:47,130150.0,5
1864,2021-06-15 15:57:48,130150.0,30
1865,2021-06-15 15:57:48,130145.0,6
1866,2021-06-15 15:57:49,130145.0,2
1867,2021-06-15 15:57:49,130145.0,7
1868,2021-06-15 15:57:50,130145.0,20
1869,2021-06-15 15:57:50,130145.0,1
1870,2021-06-15 15:57:51,130140.0,3
1871,2021-06-15 15:57:51,130145.0,1
1872,2021-06-15 15:57:52,130145.0,1
1873,2021-06-15 15:57:52,130145.0,2
1874,2021-06-15 15:57:53,130140.0,1
1875,2021-06-15 15:57:53,130150.0,1
1876,2021-06-15 15:57:54,130150.0,1
1877,2021-06-15 15:57:54,130150.0,28
1878,2021-06-15 15:57:55,130150.0,1
1879,2021-06-15 15:57:56,130150.0,1
1880,2021-06-15 15:57:56,130150.0,1
1881,2021-06-15 15:57:57,130145.0,10
1882,2021-06-15 15:57:57,130140.0,1
1883,2021-06-15 15:57:58,130140.0,1
1884,2021-06-15 15:57:58,130140.0,1
1885,2021-06-15 15:57:59,130135.0,55
1886,2021-06-15 15:57:59,130135.0,1
1887,2021-06-15 15:58:00,130135.0,1
1888,2021-06-15 15:58:00,130130.0,54
1889,2021-06-15 15:58:01,130140.0,8
1890,2021-06-15 15:58:01,130135.0,2
1891,2021-06-15 15:58:02,130135.0,2
1892,2021-06-15 15:58:02,130120.0,38
1893,2021-06-15 15:58:03,130120.0,1
1894,2021-06-15 15:58:03,130130.0,3
1895,2021-06-15 15:58:04,130120.0,1
1896,2021-06-15 15:58:04,130115.0,6
1897,2021-06-15 15:58:05,130110.0,5
1898,2021-06-15 15:58:06,130115.0,18
1899,2021-06-15 15:58:06,130110.0,1
1900,2021-06-15 15:58:07,130115.0,1
1901,2021-06-15 15:58:07,130115.0,4
1902,2021-06-15 15:58:08,130115.0,2
1903,2021-06-15 15:58:08,130125.0,5
1904,2021-06-15 15:58:09,130120.0,20
1905,2021-06-15 15:58:09,130115.0,1
1906,2021-06-15 15:58:10,130115.0,25
1907,2021-06-15 15:58:10,130115.0,3
1908,2021-06-15 15:58:11,130110.0,1
1909,2021-06-15 15:58:11,130110.0,30
1910,2021-06-15 15:58:12,130110.0,1
1911,2021-06-15 15:58:12,130115.0,1
1912,2021-06-15 15:58:13,130110.0,5
1913,2021-06-15 15:58:13,130115.0,1
1914,2021-06-15 15:58:14,130115.0,1
1915,2021-06-15 15:58:14,130110.0,5
1916,2021-06-15 15:58:15,130110.0,5
1917,2021-06-15 15:58:15,130110.0,1
1918,2021-06-15 15:58:16,130115.0,47
1919,2021-06-15 15:58:16,130125.0,1
1920,2021-06-15 15:58:17,130125.0,3
1921,2021-06-15 15:58:18,130125.0,7
1922,2021-06-15 15:58:18,130125.0,9
1923,2021-06-15 15:58:19,130120.0,1
1924,2021-06-15 15:58:19,130120.0,2
1925,2021-06-15 15:58:20,130115.0,1
1926,2021-06-15 15:58:20,130120.0,1
1927,2021-06-15 15:58:21,130125.0,1
1928,2021-06-15 15:58:21,130120.0,3
1929,2021-06-15 15:58:22,130125.0,10
1930,2021-06-15 15:58:22,130120.0,92
1931,2021-06-15 15:58:23,130120.0,16
1932,2021-06-15 15:58:23,130115.0,1
1933,2021-06-15 15:58:24,130115.0,10
1934,2021-06-15 15:58:24,130115.0,6
1935,2021-06-15 15:58:25,130120.0,5
1936,2021-06-15 15:58:25,130120.0,6
1937,2021-06-15 15:58:26,130125.0,1
1938,2021-06-15 15:58:26,130120.0,1
1939,2021-06-15 15:58:27,130120.0,5
1940,2021-06-15 15:58:27,130125.0,9
1941,2021-06-15 15:58:28,130120.0,3
1942,2021-06-15 15:58:28,130120.0,5
1943,2021-06-15 15:58:29,130125.0,1
1944,2021-06-15 15:58:30,130120.0,3
1945,2021-06-15 15:58:30,130125.0,1
1946,2021-06-15 15:58:31,130125.0,10
1947,2021-06-15 15:58:31,130130.0,4
1948,2021-06-15 15:58:32,130135.0,50
1949,2021-06-15 15:58:32,130135.0,1
1950,2021-06-15 15:58:33,130135.0,38
1951,2021-06-15 15:58:33,130140.0,20
1952,2021-06-15 15:58:34,130140.0,37
1953,2021-06-15 15:58:34,130140.0,2
1954,2021-06-15 15:58:35,130130.0,2
1955,2021-06-15 15:58:35,130130.0,3
1956,2021-06-15 15:58:36,130135.0,1
1957,2021-06-15 15:58:36,130135.0,6
1958,2021-06-15 15:58:37,130140.0,2
1959,2021-06-15 15:58:38,130140.0,2
1960,2021-06-15 15:58:38,130140.0,2
1961,2021-06-15 15:58:39,130140.0,1
1962,2021-06-15 15:58:39,130135.0,1
1963,2021-06-15 15:58:40,130125.0,1
1964,2021-06-15 15:58:40,130125.0,1
1965,2021-06-15 15:58:41,130130.0,1
1966,2021-06-15 15:58:41,130120.0,25
1967,2021-06-15 15:58:42,130135.0,1
1968,2021-06-15 15:58:42,130140.0,20
1969,2021-06-15 15:58:43,130145.0,5
1970,2021-06-15 15:58:43,130150.0,20
1971,2021-06-15 15:58:44,130150.0,2
1972,2021-06-15 15:58:44,130145.0,1
1973,2021-06-15 15:58:45,130150.0,1
1974,2021-06-15 15:58:45,130145.0,1
1975,2021-06-15 15:58:46,130155.0,1
1976,2021-06-15 15:58:46,130150.0,5
1977,2021-06-15 15:58:47,130155.0,6
1978,2021-06-15 15:58:47,130145.0,2
1979,2021-06-15 15:58:48,130150.0,1
1980,2021-06-15 15:58:49,130150.0,1
1981,2021-06-15 15:58:49,130150.0,1
1982,2021-06-15 15:58:49,130145.0,1
1983,2021-06-15 15:58:50,130140.0,14
1984,2021-06-15 15:58:51,130145.0,1
1985,2021-06-15 15:58:51,130145.0,1
1986,2021-06-15 15:58:52,130145.0,20
1987,2021-06-15 15:58:52,130145.0,25
1988,2021-06-15 15:58:53,130155.0,155
1989,2021-06-15 15:58:53,130160.0,5
1990,2021-06-15 15:58:54,130155.0,6
1991,2021-06-15 15:58:54,130160.0,110
1992,2021-06-15 15:58:55,130160.0,3
1993,2021-06-15 15:58:55,130165.0,74
1994,2021-06-15 15:58:56,130175.0,1
1995,2021-06-15 15:58:56,130165.0,1
1996,2021-06-15 15:58:57,130160.0,1
1997,2021-06-15 15:58:57,130155.0,1
1998,2021-06-15 15:58:58,130155.0,1
1999,2021-06-15 15:58:59,130160.0,1
2000,2021-06-15 15:58:59,130160.0,2
2001,2021-06-15 15:59:00,130160.0,1
2002,2021-06-15 15:59:00,130165.0,3
2003,2021-06-15 15:59:01,130170.0,1
2004,2021-06-15 15:59:01,130185.0,5
2005,2021-06-15 15:59:02,130180.0,4
2006,2021-06-15 15:59:02,130175.0,1
2007,2021-06-15 15:59:03,130170.0,1
2008,2021-06-15 15:59:03,130170.0,1
2009,2021-06-15 15:59:04,130175.0,5
2010,2021-06-15 15:59:04,130165.0,4
2011,2021-06-15 15:59:05,130170.0,1
2012,2021-06-15 15:59:05,130170.0,20
2013,2021-06-15 15:59:06,130180.0,38
2014,2021-06-15 15:59:06,130180.0,4
2015,2021-06-15 15:59:07,130170.0,3
2016,2021-06-15 15:59:07,130175.0,2
2017,2021-06-15 15:59:08,130165.0,1
2018,2021-06-15 15:59:08,130170.0,1
2019,2021-06-15 15:59:09,130165.0,1
2020,2021-06-15 15:59:09,130160.0,1
2021,2021-06-15 15:59:10,130160.0,1
2022,2021-06-15 15:59:11,130170.0,3
2023,2021-06-15 15:59:11,130160.0,5
2024,2021-06-15 15:59:12,130165.0,1
2025,2021-06-15 15:59:12,130160.0,20
2026,2021-06-15 15:59:13,130165.0,98
2027,2021-06-15 15:59:13,130165.0,1
2028,2021-06-15 15:59:14,130165.0,1
2029,2021-06-15 15:59:14,130165.0,3
2030,2021-06-15 15:59:15,130165.0,1
2031,2021-06-15 15:59:15,130160.0,1
2032,2021-06-15 15:59:16,130160.0,1
2033,2021-06-15 15:59:16,130155.0,1
2034,2021-06-15 15:59:17,130155.0,1
2035,2021-06-15 15:59:17,130155.0,1
2036,2021-06-15 15:59:18,130150.0,1
2037,2021-06-15 15:59:18,130150.0,1
2038,2021-06-15 15:59:19,130150.0,1
2039,2021-06-15 15:59:19,130140.0,1
2040,2021-06-15 15:59:20,130135.0,40
2041,2021-06-15 15:59:21,130125.0,5
2042,2021-06-15 15:59:21,130120.0,1
2043,2021-06-15 15:59:22,130125.0,1
2044,2021-06-15 15:59:22,130115.0,9
2045,2021-06-15 15:59:23,130110.0,1
2046,2021-06-15 15:59:23,130110.0,3
2047,2021-06-15 15:59:24,130110.0,5
2048,2021-06-15 15:59:24,130115.0,3
2049,2021-06-15 15:59:25,130120.0,1
2050,2021-06-15 15:59:25,130115.0,1
2051,2021-06-15 15:59:26,130120.0,1
2052,2021-06-15 15:59:26,130120.0,2
2053,2021-06-15 15:59:27,130115.0,1
2054,2021-06-15 15:59:27,130110.0,10
2055,2021-06-15 15:59:28,130110.0,2
2056,2021-06-15 15:59:28,130110.0,1
2057,2021-06-15 15:59:29,130125.0,1
2058,2021-06-15 15:59:29,130125.0,3
2059,2021-06-15 15:59:30,130120.0,54
2060,2021-06-15 15:59:30,130120.0,1
2061,2021-06-15 15:59:31,130120.0,1
2062,2021-06-15 15:59:32,130120.0,5
2063,2021-06-15 15:59:32,130125.0,1
2064,2021-06-15 15:59:33,130130.0,1
2065,2021-06-15 15:59:33,130130.0,1
2066,2021-06-15 15:59:34,130125.0,2
2067,2021-06-15 15:59:34,130135.0,1
2068,2021-06-15 15:59:35,130130.0,13
2069,2021-06-15 15:59:35,130130.0,1
2070,2021-06-15 15:59:36,130125.0,1
2071,2021-06-15 15:59:36,130125.0,25
2072,2021-06-15 15:59:37,130125.0,1
2073,2021-06-15 15:59:37,130120.0,16
2074,2021-06-15 15:59:38,130125.0,20
2075,2021-06-15 15:59:38,130110.0,1
2076,2021-06-15 15:59:39,130115.0,1
2077,2021-06-15 15:59:39,130110.0,1
2078,2021-06-15 15:59:40,130110.0,5
2079,2021-06-15 15:59:40,130115.0,1
2080,2021-06-15 15:59:41,130125.0,1
2081,2021-06-15 15:59:41,130110.0,1
2082,2021-06-15 15:59:42,130105.0,1
2083,2021-06-15 15:59:42,130105.0,2
2084,2021-06-15 15:59:43,130105.0,1
2085,2021-06-15 15:59:44,130105.0,2
2086,2021-06-15 15:59:44,130110.0,1
2087,2021-06-15 15:59:45,130105.0,1
2088,2021-06-15 15:59:45,130110.0,1
2089,2021-06-15 15:59:46,130110.0,4
2090,2021-06-15 15:59:46,130110.0,2
2091,2021-06-15 15:59:47,130105.0,1
2092,2021-06-15 15:59:47,130100.0,18
2093,2021-06-15 15:59:48,130100.0,1
2094,2021-06-15 15:59:48,130100.0,261
2095,2021-06-15 15:59:49,130095.0,5
2096,2021-06-15 15:59:49,130090.0,1
2097,2021-06-15 15:59:50,130095.0,1
2098,2021-06-15 15:59:50,130100.0,4
2099,2021-06-15 15:59:51,130095.0,1
2100,2021-06-15 15:59:51,130090.0,3
2101,2021-06-15 15:59:52,130095.0,1
2102,2021-06-15 15:59:52,130100.0,1
2103,2021-06-15 15:59:53,130095.0,12
2104,2021-06-15 15:59:53,130090.0,1
2105,2021-06-15 15:59:54,130095.0,2
2106,2021-06-15 15:59:55,130090.0,4
2107,2021-06-15 15:59:55,130090.0,10
2108,2021-06-15 15:59:56,130090.0,9
2109,2021-06-15 15:59:56,130090.0,50
2110,2021-06-15 15:59:57,130085.0,100
2111,2021-06-15 15:59:57,130090.0,1
2112,2021-06-15 15:59:58,130085.0,1
2113,2021-06-15 15:59:58,130090.0,1
2114,2021-06-15 15:59:59,130085.0,1
2115,2021-06-15 15:59:59,130080.0,8
2116,2021-06-15 16:00:00,130075.0,38
2117,2021-06-15 16:00:00,130080.0,5
2118,2021-06-15 16:00:01,130065.0,1
2119,2021-06-15 16:00:01,130070.0,5
2120,2021-06-15 16:00:02,130070.0,3
2121,2021-06-15 16:00:03,130070.0,12
2122,2021-06-15 16:00:03,130070.0,1
2123,2021-06-15 16:00:04,130060.0,5
2124,2021-06-15 16:00:04,130060.0,389
2125,2021-06-15 16:00:05,130055.0,4
2126,2021-06-15 16:00:05,130045.0,8
2127,2021-06-15 16:00:06,130060.0,1
2128,2021-06-15 16:00:06,130060.0,1
2129,2021-06-15 16:00:07,130060.0,5
2130,2021-06-15 16:00:07,130060.0,50
2131,2021-06-15 16:00:08,130055.0,5
2132,2021-06-15 16:00:08,130050.0,14
2133,2021-06-15 16:00:09,130050.0,10
2134,2021-06-15 16:00:09,130050.0,1
2135,2021-06-15 16:00:10,130050.0,1
2136,2021-06-15 16:00:10,130055.0,2
2137,2021-06-15 16:00:11,130050.0,2
2138,2021-06-15 16:00:11,130015.0,3
2139,2021-06-15 16:00:12,130020.0,10
2140,2021-06-15 16:00:12,130015.0,2
2141,2021-06-15 16:00:13,130015.0,1
2142,2021-06-15 16:00:14,130015.0,5
2143,2021-06-15 16:00:14,130010.0,7
2144,2021-06-15 16:00:15,130015.0,5
2145,2021-06-15 16:00:15,130020.0,1
2146,2021-06-15 16:00:16,130015.0,5
2147,2021-06-15 16:00:16,130005.0,10
2148,2021-06-15 16:00:17,130005.0,4
2149,2021-06-15 16:00:17,130000.0,115
2150,2021-06-15 16:00:18,130010.0,1
2151,2021-06-15 16:00:18,130015.0,2
2152,2021-06-15 16:00:19,130005.0,1
2153,2021-06-15 16:00:19,130010.0,1
2154,2021-06-15 16:00:20,130015.0,1
2155,2021-06-15 16:00:21,130010.0,1
2156,2021-06-15 16:00:21,130015.0,1
2157,2021-06-15 16:00:22,130015.0,1
2158,2021-06-15 16:00:22,130015.0,1
2159,2021-06-15 16:00:23,130015.0,10
2160,2021-06-15 16:00:23,130015.0,3
2161,2021-06-15 16:00:24,130020.0,6
2162,2021-06-15 16:00:24,130020.0,1
2163,2021-06-15 16:00:25,130030.0,1
2164,2021-06-15 16:00:25,130025.0,15
2165,2021-06-15 16:00:26,130025.0,1
2166,2021-06-15 16:00:26,130030.0,5
2167,2021-06-15 16:00:27,130030.0,60
2168,2021-06-15 16:00:27,130035.0,2
2169,2021-06-15 16:00:28,130035.0,1
2170,2021-06-15 16:00:28,130030.0,1
2171,2021-06-15 16:00:29,130025.0,1
2172,2021-06-15 16:00:29,130035.0,2
2173,2021-06-15 16:00:30,130035.0,60
2174,2021-06-15 16:00:31,130045.0,3
2175,2021-06-15 16:00:31,130050.0,1
2176,2021-06-15 16:00:32,130050.0,1
2177,2021-06-15 16:00:32,130055.0,1
2178,2021-06-15 16:00:33,130060.0,3
2179,2021-06-15 16:00:33,130065.0,43
2180,2021-06-15 16:00:34,130055.0,1
2181,2021-06-15 16:00:34,130050.0,10
2182,2021-06-15 16:00:35,130055.0,3
2183,2021-06-15 16:00:35,130050.0,2
2184,2021-06-15 16:00:36,130045.0,80
2185,2021-06-15 16:00:36,130045.0,3
2186,2021-06-15 16:00:37,130040.0,11
2187,2021-06-15 16:00:37,130040.0,10
2188,2021-06-15 16:00:38,130040.0,6
2189,2021-06-15 16:00:38,130030.0,1
2190,2021-06-15 16:00:39,130030.0,1
2191,2021-06-15 16:00:40,130035.0,2
2192,2021-06-15 16:00:40,130030.0,1
2193,2021-06-15 16:00:40,130040.0,1
2194,2021-06-15 16:00:41,130040.0,50
2195,2021-06-15 16:00:42,130035.0,5
2196,2021-06-15 16:00:42,130045.0,2
2197,2021-06-15 16:00:43,130040.0,3
2198,2021-06-15 16:00:43,130045.0,6
2199,2021-06-15 16:00:44,130040.0,3
2200,2021-06-15 16:00:44,130045.0,2
2201,2021-06-15 16:00:45,130045.0,10
2202,2021-06-15 16:00:45,130040.0,1
2203,2021-06-15 16:00:46,130045.0,1
2204,2021-06-15 16:00:46,130040.0,5
2205,2021-06-15 16:00:47,130040.0,2
2206,2021-06-15 16:00:47,130040.0,3
2207,2021-06-15 16:00:48,130035.0,2
2208,2021-06-15 16:00:49,130035.0,2
2209,2021-06-15 16:00:49,130040.0,6
2210,2021-06-15 16:00:50,130045.0,1
2211,2021-06-15 16:00:50,130035.0,1
2212,2021-06-15 16:00:51,130040.0,27
2213,2021-06-15 16:00:51,130040.0,3
2214,2021-06-15 16:00:52,130050.0,4
2215,2021-06-15 16:00:52,130055.0,240
2216,2021-06-15 16:00:53,130045.0,8
2217,2021-06-15 16:00:53,130040.0,1
2218,2021-06-15 16:00:54,130035.0,1
2219,2021-06-15 16:00:54,130035.0,10
2220,2021-06-15 16:00:55,130040.0,1
2221,2021-06-15 16:00:55,130035.0,1
2222,2021-06-15 16:00:56,130040.0,5
2223,2021-06-15 16:00:57,130040.0,2
2224,2021-06-15 16:00:57,130040.0,16
2225,2021-06-15 16:00:58,130035.0,3
2226,2021-06-15 16:00:58,130045.0,1
2227,2021-06-15 16:00:59,130040.0,70
2228,2021-06-15 16:00:59,130040.0,1
2229,2021-06-15 16:00:59,130035.0,1
2230,2021-06-15 16:01:00,130040.0,1
2231,2021-06-15 16:01:01,130040.0,25
2232,2021-06-15 16:01:01,130035.0,18
2233,2021-06-15 16:01:02,130040.0,1
2234,2021-06-15 16:01:02,130030.0,1
2235,2021-06-15 16:01:03,130040.0,24
2236,2021-06-15 16:01:03,130045.0,34
2237,2021-06-15 16:01:04,130050.0,2
2238,2021-06-15 16:01:04,130050.0,5
2239,2021-06-15 16:01:05,130050.0,3
2240,2021-06-15 16:01:05,130045.0,3
2241,2021-06-15 16:01:06,130045.0,1
2242,2021-06-15 16:01:06,130045.0,1
2243,2021-06-15 16:01:07,130045.0,38
2244,2021-06-15 16:01:08,130040.0,1
2245,2021-06-15 16:01:08,130040.0,2
2246,2021-06-15 16:01:09,130045.0,2
2247,2021-06-15 16:01:09,130050.0,84
2248,2021-06-15 16:01:10,130050.0,1
2249,2021-06-15 16:01:10,130045.0,3
2250,2021-06-15 16:01:11,130045.0,27
2251,2021-06-15 16:01:11,130035.0,1
2252,2021-06-15 16:01:12,130030.0,2
2253,2021-06-15 16:01:12,130030.0,66
2254,2021-06-15 16:01:13,130030.0,28
2255,2021-06-15 16:01:13,130030.0,2
2256,2021-06-15 16:01:14,130030.0,2
2257,2021-06-15 16:01:14,130030.0,15
2258,2021-06-15 16:01:15,130030.0,3
2259,2021-06-15 16:01:15,130040.0,1
2260,2021-06-15 16:01:16,130035.0,4
2261,2021-06-15 16:01:16,130040.0,5
2262,2021-06-15 16:01:17,130045.0,10
2263,2021-06-15 16:01:17,130040.0,19
2264,2021-06-15 16:01:18,130045.0,2
2265,2021-06-15 16:01:19,130040.0,1
2266,2021-06-15 16:01:19,130040.0,1
2267,2021-06-15 16:01:20,130040.0,5
2268,2021-06-15 16:01:20,130040.0,5
2269,2021-06-15 16:01:21,130045.0,3
2270,2021-06-15 16:01:21,130045.0,3
2271,2021-06-15 16:01:22,130045.0,3
2272,2021-06-15 16:01:22,130050.0,2
2273,2021-06-15 16:01:23,130050.0,10
2274,2021-06-15 16:01:23,130045.0,1
2275,2021-06-15 16:01:24,130050.0,9
2276,2021-06-15 16:01:24,130035.0,1
2277,2021-06-15 16:01:25,130035.0,1
2278,2021-06-15 16:01:25,130045.0,6
2279,2021-06-15 16:01:26,130040.0,1
2280,2021-06-15 16:01:26,130045.0,1
2281,2021-06-15 16:01:27,130045.0,1
2282,2021-06-15 16:01:27,130030.0,12
2283,2021-06-15 16:01:28,130035.0,2
2284,2021-06-15 16:01:29,130030.0,1
2285,2021-06-15 16:01:29,130030.0,19
2286,2021-06-15 16:01:30,130020.0,1
2287,2021-06-15 16:01:30,130015.0,5
2288,2021-06-15 16:01:31,130010.0,1
2289,2021-06-15 16:01:31,130015.0,5
2290,2021-06-15 16:01:32,130015.0,1
2291,2021-06-15 16:01:32,130010.0,1
2292,2021-06-15 16:01:33,130010.0,5
2293,2021-06-15 16:01:33,130010.0,1
2294,2021-06-15 16:01:34,130015.0,1
2295,2021-06-15 16:01:34,130015.0,5
2296,2021-06-15 16:01:35,130015.0,15
2297,2021-06-15 16:01:35,130020.0,2
2298,2021-06-15 16:01:36,130020.0,1
2299,2021-06-15 16:01:36,130020.0,35
2300,2021-06-15 16:01:37,130020.0,1
2301,2021-06-15 16:01:37,130020.0,10
2302,2021-06-15 16:01:38,130020.0,30
2303,2021-06-15 16:01:39,130020.0,1
2304,2021-06-15 16:01:39,130015.0,1
2305,2021-06-15 16:01:40,130020.0,60
2306,2021-06-15 16:01:40,130020.0,1
2307,2021-06-15 16:01:41,130020.0,1
2308,2021-06-15 16:01:41,130015.0,1
2309,2021-06-15 16:01:42,130010.0,1
2310,2021-06-15 16:01:42,130010.0,22
2311,2021-06-15 16:01:43,130015.0,1
2312,2021-06-15 16:01:43,130015.0,20
2313,2021-06-15 16:01:44,130005.0,1
2314,2021-06-15 16:01:44,130005.0,1
2315,2021-06-15 16:01:45,130005.0,1
2316,2021-06-15 16:01:45,130010.0,1
2317,2021-06-15 16:01:46,130005.0,3
2318,2021-06-15 16:01:46,130005.0,10
2319,2021-06-15 16:01:47,130005.0,19
2320,2021-06-15 16:01:47,130015.0,10
2321,2021-06-15 16:01:48,130010.0,1
2322,2021-06-15 16:01:48,130015.0,1
2323,2021-06-15 16:01:49,130010.0,10
2324,2021-06-15 16:01:50,130010.0,72
2325,2021-06-15 16:01:50,130010.0,30
2326,2021-06-15 16:01:51,130015.0,1
2327,2021-06-15 16:01:51,130005.0,3
2328,2021-06-15 16:01:52,130005.0,5
2329,2021-06-15 16:01:52,130005.0,50
2330,2021-06-15 16:01:53,130015.0,1
2331,2021-06-15 16:01:53,130015.0,1
2332,2021-06-15 16:01:54,130010.0,1
2333,2021-06-15 16:01:54,130015.0,1
2334,2021-06-15 16:01:55,130015.0,2
2335,2021-06-15 16:01:55,130015.0,7
2336,2021-06-15 16:01:56,130015.0,2
2337,2021-06-15 16:01:56,130015.0,1
2338,2021-06-15 16:01:57,130015.0,20
2339,2021-06-15 16:01:57,130015.0,123
2340,2021-06-15 16:01:58,130015.0,20
2341,2021-06-15 16:01:58,130015.0,5
2342,2021-06-15 16:01:59,130015.0,2
2343,2021-06-15 16:01:59,130010.0,20
2344,2021-06-15 16:02:00,130010.0,1
2345,2021-06-15 16:02:01,130015.0,2
2346,2021-06-15 16:02:01,130015.0,5
2347,2021-06-15 16:02:02,130010.0,1
2348,2021-06-15 16:02:02,130010.0,5
2349,2021-06-15 16:02:03,130015.0,16
2350,2021-06-15 16:02:03,130015.0,1
2351,2021-06-15 16:02:04,130015.0,1
2352,2021-06-15 16:02:04,130015.0,1
2353,2021-06-15 16:02:05,130015.0,1
2354,2021-06-15 16:02:05,130010.0,2
2355,2021-06-15 16:02:06,130005.0,15
2356,2021-06-15 16:02:06,130015.0,66
2357,2021-06-15 16:02:07,130020.0,5
2358,2021-06-15 16:02:07,130020.0,1
2359,2021-06-15 16:02:08,130020.0,2
2360,2021-06-15 16:02:09,130020.0,1
2361,2021-06-15 16:02:09,130020.0,3
2362,2021-06-15 16:02:09,130025.0,2
2363,2021-06-15 16:02:10,130025.0,1
2364,2021-06-15 16:02:11,130025.0,2
2365,2021-06-15 16:02:11,130025.0,2
2366,2021-06-15 16:02:12,130020.0,2
2367,2021-06-15 16:02:12,130015.0,78
2368,2021-06-15 16:02:13,130015.0,1
2369,2021-06-15 16:02:13,130015.0,5
2370,2021-06-15 16:02:14,130020.0,10
2371,2021-06-15 16:02:14,130020.0,1
2372,2021-06-15 16:02:15,130025.0,1
2373,2021-06-15 16:02:15,130025.0,5
2374,2021-06-15 16:02:16,130020.0,6
2375,2021-06-15 16:02:16,130020.0,1
2376,2021-06-15 16:02:17,130015.0,1
2377,2021-06-15 16:02:17,130010.0,3
2378,2021-06-15 16:02:18,130010.0,10
2379,2021-06-15 16:02:19,130010.0,3
2380,2021-06-15 16:02:19,130020.0,1
2381,2021-06-15 16:02:20,130020.0,25
2382,2021-06-15 16:02:20,130020.0,5
2383,2021-06-15 16:02:21,130025.0,1
2384,2021-06-15 16:02:21,130020.0,1
2385,2021-06-15 16:02:22,130025.0,73
2386,2021-06-15 16:02:22,130025.0,10
2387,2021-06-15 16:02:23,130020.0,3
2388,2021-06-15 16:02:23,130020.0,1
2389,2021-06-15 16:02:24,130020.0,1
2390,2021-06-15 16:02:24,130005.0,2
2391,2021-06-15 16:02:25,130005.0,2
2392,2021-06-15 16:02:25,130010.0,2
2393,2021-06-15 16:02:26,130010.0,1
2394,2021-06-15 16:02:26,129995.0,20
2395,2021-06-15 16:02:27,129990.0,3
2396,2021-06-15 16:02:27,129985.0,4
2397,2021-06-15 16:02:28,130000.0,9
2398,2021-06-15 16:02:29,130000.0,1
2399,2021-06-15 16:02:29,130000.0,3
2400,2021-06-15 16:02:30,129995.0,1
2401,2021-06-15 16:02:30,130000.0,2
2402,2021-06-15 16:02:31,130000.0,1
2403,2021-06-15 16:02:31,130000.0,5
2404,2021-06-15 16:02:32,129995.0,3
2405,2021-06-15 16:02:32,129995.0,1
2406,2021-06-15 16:02:33,130000.0,1
2407,2021-06-15 16:02:33,130000.0,1
2408,2021-06-15 16:02:34,130000.0,1
2409,2021-06-15 16:02:34,130010.0,2
2410,2021-06-15 16:02:35,130010.0,2
2411,2021-06-15 16:02:35,129995.0,60
2412,2021-06-15 16:02:36,129995.0,4
2413,2021-06-15 16:02:36,129985.0,3
2414,2021-06-15 16:02:37,129990.0,1
2415,2021-06-15 16:02:37,129995.0,1
2416,2021-06-15 16:02:38,129995.0,3
2417,2021-06-15 16:02:38,129990.0,1
2418,2021-06-15 16:02:39,129995.0,50
2419,2021-06-15 16:02:40,129995.0,1
2420,2021-06-15 16:02:40,130000.0,1
2421,2021-06-15 16:02:41,129995.0,1
2422,2021-06-15 16:02:41,129995.0,6
2423,2021-06-15 16:02:42,129995.0,1
2424,2021-06-15 16:02:42,130000.0,2
2425,2021-06-15 16:02:43,130005.0,165
2426,2021-06-15 16:02:43,130005.0,38
2427,2021-06-15 16:02:44,130000.0,1
2428,2021-06-15 16:02:44,130005.0,5
2429,2021-06-15 16:02:45,130005.0,1
2430,2021-06-15 16:02:45,130005.0,4
2431,2021-06-15 16:02:46,130010.0,20
2432,2021-06-15 16:02:46,130010.0,1
2433,2021-06-15 16:02:47,130005.0,3
2434,2021-06-15 16:02:47,130010.0,1
2435,2021-06-15 16:02:48,130005.0,4
2436,2021-06-15 16:02:48,130010.0,1
2437,2021-06-15 16:02:49,130005.0,3
2438,2021-06-15 16:02:50,130000.0,3
2439,2021-06-15 16:02:50,130000.0,1
2440,2021-06-15 16:02:51,130005.0,1
2441,2021-06-15 16:02:51,130000.0,1
2442,2021-06-15 16:02:52,130005.0,2
2443,2021-06-15 16:02:52,130005.0,1
2444,2021-06-15 16:02:53,130000.0,1
2445,2021-06-15 16:02:53,130005.0,3
2446,2021-06-15 16:02:54,130000.0,1
2447,2021-06-15 16:02:54,130000.0,1
2448,2021-06-15 16:02:55,129990.0,1
2449,2021-06-15 16:02:55,129990.0,12
2450,2021-06-15 16:02:56,129990.0,1
2451,2021-06-15 16:02:56,129990.0,1
2452,2021-06-15 16:02:57,129995.0,9
2453,2021-06-15 16:02:57,129995.0,1
2454,2021-06-15 16:02:58,129990.0,1
2455,2021-06-15 16:02:58,129990.0,1
2456,2021-06-15 16:02:59,129995.0,1
2457,2021-06-15 16:03:00,129990.0,2
2458,2021-06-15 16:03:00,130000.0,5
2459,2021-06-15 16:03:01,130000.0,55
2460,2021-06-15 16:03:01,130000.0,14
2461,2021-06-15 16:03:02,130000.0,5
2462,2021-06-15 16:03:02,130010.0,65
2463,2021-06-15 16:03:03,129990.0,1
2464,2021-06-15 16:03:03,129990.0,1
2465,2021-06-15 16:03:04,129985.0,1
2466,2021-06-15 16:03:04,129980.0,1
2467,2021-06-15 16:03:05,129980.0,1
2468,2021-06-15 16:03:05,129975.0,1
2469,2021-06-15 16:03:06,129970.0,1
2470,2021-06-15 16:03:06,129975.0,1
2471,2021-06-15 16:03:07,129975.0,1
2472,2021-06-15 16:03:07,129975.0,5
2473,2021-06-15 16:03:08,129980.0,1
2474,2021-06-15 16:03:08,129980.0,1
2475,2021-06-15 16:03:09,129980.0,3
2476,2021-06-15 16:03:09,129985.0,1
2477,2021-06-15 16:03:10,129985.0,1
2478,2021-06-15 16:03:11,129980.0,26
2479,2021-06-15 16:03:11,129980.0,1
2480,2021-06-15 16:03:12,129980.0,1
2481,2021-06-15 16:03:12,129985.0,1
2482,2021-06-15 16:03:13,129985.0,102
2483,2021-06-15 16:03:13,129980.0,45
2484,2021-06-15 16:03:14,129975.0,5
2485,2021-06-15 16:03:14,129980.0,15
2486,2021-06-15 16:03:15,129975.0,1
2487,2021-06-15 16:03:15,129985.0,1
2488,2021-06-15 16:03:16,129980.0,2
2489,2021-06-15 16:03:16,129985.0,1
2490,2021-06-15 16:03:17,129985.0,1
2491,2021-06-15 16:03:17,129990.0,43
2492,2021-06-15 16:03:18,129985.0,30
2493,2021-06-15 16:03:18,129990.0,1
2494,2021-06-15 16:03:19,129985.0,1
2495,2021-06-15 16:03:19,129990.0,1
2496,2021-06-15 16:03:20,129990.0,20
2497,2021-06-15 16:03:20,129990.0,78
2498,2021-06-15 16:03:21,129995.0,1
2499,2021-06-15 16:03:22,130000.0,3
2500,2021-06-15 16:03:22,130000.0,13
2501,2021-06-15 16:03:23,129995.0,2
2502,2021-06-15 16:03:23,130010.0,19
2503,2021-06-15 16:03:24,130010.0,1
2504,2021-06-15 16:03:24,130010.0,1
2505,2021-06-15 16:03:25,130010.0,1
2506,2021-06-15 16:03:25,130005.0,3
2507,2021-06-15 16:03:26,130010.0,4
2508,2021-06-15 16:03:26,130005.0,3
2509,2021-06-15 16:03:27,130010.0,1
2510,2021-06-15 16:03:27,130005.0,1
2511,2021-06-15 16:03:28,130010.0,5
2512,2021-06-15 16:03:28,130005.0,1
2513,2021-06-15 16:03:29,130010.0,1
2514,2021-06-15 16:03:29,130005.0,1
2515,2021-06-15 16:03:30,130005.0,5
2516,2021-06-15 16:03:30,130010.0,1
2517,2021-06-15 16:03:31,130010.0,9
2518,2021-06-15 16:03:31,130020.0,1
2519,2021-06-15 16:03:32,130020.0,14
2520,2021-06-15 16:03:33,130005.0,12
2521,2021-06-15 16:03:33,130005.0,1
2522,2021-06-15 16:03:34,130010.0,1
2523,2021-06-15 16:03:34,130010.0,1
2524,2021-06-15 16:03:35,130010.0,3
2525,2021-06-15 16:03:35,130000.0,1
2526,2021-06-15 16:03:36,130000.0,1
2527,2021-06-15 16:03:36,130005.0,54
2528,2021-06-15 16:03:37,130005.0,25
2529,2021-06-15 16:03:37,130005.0,4
2530,2021-06-15 16:03:38,130005.0,2
2531,2021-06-15 16:03:38,130010.0,1
2532,2021-06-15 16:03:39,130010.0,5
2533,2021-06-15 16:03:39,130005.0,1
2534,2021-06-15 16:03:40,130005.0,10
2535,2021-06-15 16:03:40,130010.0,20
2536,2021-06-15 16:03:41,130005.0,1
2537,2021-06-15 16:03:41,130005.0,8
2538,2021-06-15 16:03:42,130000.0,1
2539,2021-06-15 16:03:43,130005.0,1
2540,2021-06-15 16:03:43,130000.0,49
2541,2021-06-15 16:03:44,130000.0,13
2542,2021-06-15 16:03:44,130000.0,1
2543,2021-06-15 16:03:45,130000.0,2
2544,2021-06-15 16:03:45,129995.0,2
2545,2021-06-15 16:03:46,129995.0,1
2546,2021-06-15 16:03:46,130000.0,1
2547,2021-06-15 16:03:47,129995.0,46
2548,2021-06-15 16:03:47,129990.0,1
2549,2021-06-15 16:03:48,130000.0,3
2550,2021-06-15 16:03:48,130005.0,5
2551,2021-06-15 16:03:49,130000.0,1
2552,2021-06-15 16:03:49,130000.0,1
2553,2021-06-15 16:03:50,130005.0,2
2554,2021-06-15 16:03:50,130010.0,65
2555,2021-06-15 16:03:51,130005.0,1
2556,2021-06-15 16:03:52,130015.0,4
2557,2021-06-15 16:03:52,130015.0,56
2558,2021-06-15 16:03:53,130020.0,1
2559,2021-06-15 16:03:53,130015.0,1
2560,2021-06-15 16:03:54,130020.0,10
2561,2021-06-15 16:03:54,130030.0,1
2562,2021-06-15 16:03:55,130025.0,1
2563,2021-06-15 16:03:55,130035.0,2
2564,2021-06-15 16:03:56,130030.0,1
2565,2021-06-15 16:03:56,130030.0,1
2566,2021-06-15 16:03:57,130025.0,5
2567,2021-06-15 16:03:57,130030.0,1
2568,2021-06-15 16:03:58,130030.0,1
2569,2021-06-15 16:03:58,130025.0,4
2570,2021-06-15 16:03:59,130030.0,1
2571,2021-06-15 16:03:59,130010.0,1
2572,2021-06-15 16:04:00,130015.0,2
2573,2021-06-15 16:04:00,130025.0,1
2574,2021-06-15 16:04:01,130025.0,3
2575,2021-06-15 16:04:01,130025.0,1
2576,2021-06-15 16:04:02,130030.0,2
2577,2021-06-15 16:04:03,130025.0,1
2578,2021-06-15 16:04:03,130025.0,15
2579,2021-06-15 16:04:04,130020.0,1
2580,2021-06-15 16:04:04,130030.0,1
2581,2021-06-15 16:04:05,130025.0,1
2582,2021-06-15 16:04:05,130025.0,1
2583,2021-06-15 16:04:06,130025.0,164
2584,2021-06-15 16:04:06,130020.0,50
2585,2021-06-15 16:04:07,130015.0,1
2586,2021-06-15 16:04:07,130010.0,38
2587,2021-06-15 16:04:08,130005.0,1
2588,2021-06-15 16:04:08,130005.0,10
2589,2021-06-15 16:04:09,130005.0,2
2590,2021-06-15 16:04:09,130010.0,4
2591,2021-06-15 16:04:10,130010.0,3
2592,2021-06-15 16:04:10,130000.0,1
2593,2021-06-15 16:04:11,129995.0,50
2594,2021-06-15 16:04:11,129995.0,1
2595,2021-06-15 16:04:12,130000.0,20
2596,2021-06-15 16:04:12,130000.0,6
2597,2021-06-15 16:04:13,129995.0,1
2598,2021-06-15 16:04:14,129975.0,4
2599,2021-06-15 16:04:14,129980.0,2
2600,2021-06-15 16:04:15,129975.0,3
2601,2021-06-15 16:04:15,129975.0,50
2602,2021-06-15 16:04:16,129985.0,2
2603,2021-06-15 16:04:16,129980.0,2
2604,2021-06-15 16:04:17,129980.0,2
2605,2021-06-15 16:04:17,129980.0,1
2606,2021-06-15 16:04:18,129980.0,1
2607,2021-06-15 16:04:18,129985.0,1
2608,2021-06-15 16:04:19,129985.0,10
2609,2021-06-15 16:04:19,129985.0,1
2610,2021-06-15 16:04:20,129985.0,1
2611,2021-06-15 16:04:20,129995.0,11
2612,2021-06-15 16:04:21,129995.0,381
2613,2021-06-15 16:04:21,129995.0,1
2614,2021-06-15 16:04:22,129990.0,127
2615,2021-06-15 16:04:22,129985.0,1
2616,2021-06-15 16:04:23,129995.0,1
2617,2021-06-15 16:04:23,129990.0,1
2618,2021-06-15 16:04:24,129990.0,1
2619,2021-06-15 16:04:25,129990.0,6
2620,2021-06-15 16:04:25,129995.0,1
2621,2021-06-15 16:04:26,129995.0,20
2622,2021-06-15 16:04:26,130000.0,1
2623,2021-06-15 16:04:27,129995.0,8
2624,2021-06-15 16:04:27,130000.0,1
2625,2021-06-15 16:04:28,129995.0,8
2626,2021-06-15 16:04:28,129995.0,2
2627,2021-06-15 16:04:29,130000.0,1
2628,2021-06-15 16:04:29,130000.0,2
2629,2021-06-15 16:04:30,129995.0,1
2630,2021-06-15 16:04:30,130000.0,5
2631,2021-06-15 16:04:31,130000.0,1
2632,2021-06-15 16:04:31,130000.0,21
2633,2021-06-15 16:04:32,130000.0,1
2634,2021-06-15 16:04:32,129995.0,3
2635,2021-06-15 16:04:33,130000.0,10
2636,2021-06-15 16:04:33,129995.0,2
2637,2021-06-15 16:04:34,130000.0,5
2638,2021-06-15 16:04:34,129995.0,1
2639,2021-06-15 16:04:35,129995.0,6
2640,2021-06-15 16:04:36,130000.0,50
2641,2021-06-15 16:04:36,130000.0,1
2642,2021-06-15 16:04:37,130000.0,1
2643,2021-06-15 16:04:37,129995.0,3
2644,2021-06-15 16:04:38,129995.0,2
2645,2021-06-15 16:04:38,129995.0,27
2646,2021-06-15 16:04:39,129995.0,3
2647,2021-06-15 16:04:39,129990.0,5
2648,2021-06-15 16:04:40,129995.0,1
2649,2021-06-15 16:04:40,129990.0,1
2650,2021-06-15 16:04:41,129990.0,1
2651,2021-06-15 16:04:41,129980.0,1
2652,2021-06-15 16:04:42,129980.0,51
2653,2021-06-15 16:04:42,129980.0,25
2654,2021-06-15 16:04:43,129980.0,5
2655,2021-06-15 16:04:43,129985.0,4
2656,2021-06-15 16:04:44,129995.0,1
2657,2021-06-15 16:04:44,129990.0,20
2658,2021-06-15 16:04:45,129990.0,1
2659,2021-06-15 16:04:45,129990.0,1
2660,2021-06-15 16:04:46,129990.0,5
2661,2021-06-15 16:04:47,129995.0,1
2662,2021-06-15 16:04:47,129990.0,1
2663,2021-06-15 16:04:48,129995.0,1
2664,2021-06-15 16:04:48,129990.0,9
2665,2021-06-15 16:04:49,129990.0,124
2666,2021-06-15 16:04:49,129990.0,1
2667,2021-06-15 16:04:50,129985.0,174
2668,2021-06-15 16:04:50,129985.0,2
2669,2021-06-15 16:04:51,129980.0,1
2670,2021-06-15 16:04:51,129975.0,1
2671,2021-06-15 16:04:52,129980.0,1
2672,2021-06-15 16:04:52,129980.0,5
2673,2021-06-15 16:04:53,129975.0,1
2674,2021-06-15 16:04:53,129980.0,2
2675,2021-06-15 16:04:54,129980.0,1
2676,2021-06-15 16:04:54,129980.0,2
2677,2021-06-15 16:04:55,129970.0,1
2678,2021-06-15 16:04:56,129970.0,1
2679,2021-06-15 16:04:56,129970.0,1
2680,2021-06-15 16:04:57,129970.0,10
2681,2021-06-15 16:04:57,129970.0,5
2682,2021-06-15 16:04:58,129970.0,1
2683,2021-06-15 16:04:58,129975.0,50
2684,2021-06-15 16:04:59,129975.0,5
2685,2021-06-15 16:04:59,129970.0,1
2686,2021-06-15 16:05:00,129965.0,1
2687,2021-06-15 16:05:00,129970.0,1
2688,2021-06-15 16:05:01,129965.0,1
2689,2021-06-15 16:05:01,129975.0,2
2690,2021-06-15 16:05:02,129970.0,5
2691,2021-06-15 16:05:02,129975.0,1
2692,2021-06-15 16:05:03,129970.0,7
2693,2021-06-15 16:05:03,129960.0,1
2694,2021-06-15 16:05:04,129965.0,1
2695,2021-06-15 16:05:05,129965.0,10
2696,2021-06-15 16:05:05,129965.0,1
2697,2021-06-15 16:05:05,129965.0,1
2698,2021-06-15 16:05:06,129970.0,1
2699,2021-06-15 16:05:07,129960.0,1
2700,2021-06-15 16:05:07,129965.0,2
2701,2021-06-15 16:05:08,129970.0,1
2702,2021-06-15 16:05:08,129965.0,2
2703,2021-06-15 16:05:09,129965.0,1
2704,2021-06-15 16:05:09,129960.0,1
2705,2021-06-15 16:05:10,129955.0,3
2706,2021-06-15 16:05:10,129955.0,3
2707,2021-06-15 16:05:11,129965.0,3
2708,2021-06-15 16:05:11,129965.0,1
2709,2021-06-15 16:05:12,129965.0,2
2710,2021-06-15 16:05:12,129975.0,1
2711,2021-06-15 16:05:13,129975.0,1
2712,2021-06-15 16:05:13,129970.0,1
2713,2021-06-15 16:05:14,129975.0,5
2714,2021-06-15 16:05:15,129980.0,6
2715,2021-06-15 16:05:15,129980.0,25
2716,2021-06-15 16:05:16,129980.0,1
2717,2021-06-15 16:05:16,129975.0,1
2718,2021-06-15 16:05:17,129985.0,1
2719,2021-06-15 16:05:17,129985.0,1
2720,2021-06-15 16:05:18,129985.0,20
2721,2021-06-15 16:05:18,129980.0,20
2722,2021-06-15 16:05:19,129985.0,3
2723,2021-06-15 16:05:19,129985.0,11
2724,2021-06-15 16:05:20,129980.0,5
2725,2021-06-15 16:05:20,129980.0,50
2726,2021-06-15 16:05:21,129985.0,1
2727,2021-06-15 16:05:21,129985.0,48
2728,2021-06-15 16:05:22,129995.0,1
2729,2021-06-15 16:05:22,129995.0,27
2730,2021-06-15 16:05:23,129995.0,1
2731,2021-06-15 16:05:23,129990.0,1
2732,2021-06-15 16:05:24,129995.0,2
2733,2021-06-15 16:05:25,129990.0,7
2734,2021-06-15 16:05:25,129990.0,1
2735,2021-06-15 16:05:25,129990.0,5
2736,2021-06-15 16:05:26,129985.0,5
2737,2021-06-15 16:05:27,129985.0,6
2738,2021-06-15 16:05:27,129985.0,2
2739,2021-06-15 16:05:28,129985.0,1
2740,2021-06-15 16:05:28,129985.0,1
2741,2021-06-15 16:05:29,129990.0,3
2742,2021-06-15 16:05:29,129985.0,1
2743,2021-06-15 16:05:30,129990.0,1
2744,2021-06-15 16:05:30,129990.0,1
2745,2021-06-15 16:05:31,129990.0,65
2746,2021-06-15 16:05:31,129985.0,5
2747,2021-06-15 16:05:32,129985.0,1
2748,2021-06-15 16:05:32,129985.0,50
2749,2021-06-15 16:05:33,129985.0,10
2750,2021-06-15 16:05:33,129985.0,1
2751,2021-06-15 16:05:34,129985.0,5
2752,2021-06-15 16:05:35,129990.0,1
2753,2021-06-15 16:05:35,129980.0,1
2754,2021-06-15 16:05:36,129985.0,1
2755,2021-06-15 16:05:36,129990.0,5
2756,2021-06-15 16:05:37,129995.0,2
2757,2021-06-15 16:05:37,129995.0,1
2758,2021-06-15 16:05:38,129990.0,1
2759,2021-06-15 16:05:38,130005.0,2
2760,2021-06-15 16:05:39,130005.0,1
2761,2021-06-15 16:05:39,130005.0,2
2762,2021-06-15 16:05:40,130010.0,6
2763,2021-06-15 16:05:40,130005.0,30
2764,2021-06-15 16:05:41,130010.0,10
2765,2021-06-15 16:05:41,130005.0,3
2766,2021-06-15 16:05:42,130005.0,2
2767,2021-06-15 16:05:42,130005.0,5
2768,2021-06-15 16:05:43,130005.0,19
2769,2021-06-15 16:05:43,129995.0,1
2770,2021-06-15 16:05:44,129995.0,8
2771,2021-06-15 16:05:45,129995.0,7
2772,2021-06-15 16:05:45,130000.0,1
2773,2021-06-15 16:05:45,130005.0,36
2774,2021-06-15 16:05:46,130005.0,5
2775,2021-06-15 16:05:47,130005.0,1
2776,2021-06-15 16:05:47,130005.0,8
2777,2021-06-15 16:05:48,130010.0,4
2778,2021-06-15 16:05:48,130010.0,1
2779,2021-06-15 16:05:49,130005.0,1
2780,2021-06-15 16:05:49,130005.0,1
2781,2021-06-15 16:05:50,130010.0,21
2782,2021-06-15 16:05:50,130010.0,80
2783,2021-06-15 16:05:51,130010.0,1
2784,2021-06-15 16:05:51,130005.0,166
2785,2021-06-15 16:05:52,130005.0,1
2786,2021-06-15 16:05:52,129995.0,3
2787,2021-06-15 16:05:53,129995.0,1
2788,2021-06-15 16:05:53,130000.0,2
2789,2021-06-15 16:05:54,130000.0,1
